@inproceedings{1990Gabow,
author = {Gabow, Harold N.},
title = {Data Structures for Weighted Matching and Nearest Common Ancestors with Linking},
year = {1990},
isbn = {0898712513},
publisher = {Society for Industrial and Applied Mathematics},
address = {USA},
booktitle = {Proceedings of the First Annual ACM-SIAM Symposium on Discrete Algorithms},
pages = {434–443},
numpages = {10},
location = {San Francisco, California, USA},
series = {SODA '90}
}

% Centralized resource mngmnt
@article{bonati2020open,
  author = {Bonati, Leonardo and Polese, Michele and D'Oro, Salvatore and Basagni, Stefano and Melodia, Tommaso},
  title = {Open, Programmable, and Virtualized {5G} Networks: State-of-the-Art and the Road Ahead},
  journal = {Computer Networks (COMNET)},
  volume = {182},
  month = {Aug.},
  year = {2020}
}

@inproceedings{1990Gabow,
author = {Gabow, Harold N.},
title = {Data Structures for Weighted Matching and Nearest Common Ancestors with Linking},
year = {1990},
booktitle = {Proceedings of the First Annual ACM-SIAM Symposium on Discrete Algorithms},
address = {San Francisco, California, USA},
}

@book{Korte2002,
  year = {2002},
  publisher = {Springer Berlin Heidelberg},
  author = {Bernhard Korte and Jens Vygen},
  title = {Combinatorial Optimization}
}

@inproceedings{gambiroza2004end,
  title={End-to-end performance and fairness in multihop wireless backhaul networks},
  author={Gambiroza, Violeta and Sadeghi, Bahareh and Knightly, Edward W},
  booktitle={Proceedings of the 10th Annual International Conference on Mobile Computing and Networking (MOBICOM)},
  address={Philadelphia, PA, USA},
  pages={287--301},
  year={2004}
}

@article{1976Gabow,
author = {Gabow, Harold N.},
title = {An {Efficient} {Implementation} of {Edmonds}' {Algorithm} for {Maximum} {Matching} on {Graphs}},
year = {1976},
issue_date = {April 1976},
publisher = {Association for Computing Machinery},
address = {New York, NY, USA},
volume = {23},
number = {2},
issn = {0004-5411},
doi = {10.1145/321941.321942},
journal = {J. ACM},
month = apr,
pages = {221–234},
numpages = {14}
}

@article{edmonds_1965, 
title={Paths, Trees, and Flowers}, 
volume={17}, 
DOI={10.4153/CJM-1965-045-4}, 
journal={Canadian Journal of Mathematics}, 
publisher={Cambridge University Press}, 
author={Edmonds, Jack}, 
year={1965}, 
month={Feb.},
pages={449–467}
}


@INPROCEEDINGS{polese2018iab,
  author={M. {Polese} and M. {Giordani} and A. {Roy} and D. {Castor} and M. {Zorzi}},  
  booktitle={IEEE Global Communications Conference (GLOBECOM)},   	  
  title={Distributed {Path} {Selection} {Strategies} for {Integrated} {Access} and {Backhaul} at {mmWaves}},   
  year={2018},
  address={Abu Dhabi, United Arab Emirates},  
}

@article{akdeniz2014millimeter,
  title={Millimeter wave channel modeling and cellular capacity evaluation},
  author={Akdeniz, Mustafa Riza and Liu, Yuanpeng and Samimi, Mathew K and Sun, Shu and Rangan, Sundeep and Rappaport, Theodore S and Erkip, Elza},
  journal={IEEE Journal on Selected Areas in Communications},
  volume={32},
  number={6},
  pages={1164--1179},
  year={2014},
  month={Jun.},
  publisher={IEEE}
}


@article{ge20145g,
  title={{5G} wireless backhaul networks: challenges and research advances},
  author={Ge, Xiaohu and Cheng, Hui and Guizani, Mohsen and Han, Tao},
  journal={IEEE Network},
  volume={28},
  number={6},
  pages={6--11},
  year={2014},
  publisher={IEEE}
}

@article{dehos2014millimeter,
  title={Millimeter-wave access and backhauling: the solution to the exponential data traffic increase in {5G} mobile communications systems?},
  author={Dehos, Cedric and Gonz{\'a}lez, Jose Luis and De Domenico, Antonio and Ktenas, Dimitri and Dussopt, Laurent},
  journal={IEEE Communications Magazine},
  volume={52},
  number={9},
  pages={88--95},
  year={2014},
  publisher={IEEE}
}


@article{zhang2019will,
  title={Will {TCP} work in {mmWave} {5G} cellular networks?},
  author={Zhang, Menglei and Polese, Michele and Mezzavilla, Marco and Zhu, Jing and Rangan, Sundeep and Panwar, Shivendra and Zorzi, Michele},
  journal={IEEE Communications Magazine},
  volume={57},
  number={1},
  pages={65--71},
  year={2019},
  publisher={IEEE}
}

@article{lopez2015towards,
  title={Towards 1 {Gbps}/{UE} in cellular systems: {Understanding} ultra-dense small cell deployments},
  author={L{\'o}pez-P{\'e}rez, David and Ding, Ming and Claussen, Holger and Jafari, Amir H},
  journal={IEEE Communications Surveys \& Tutorials},
  volume={17},
  number={4},
  pages={2078--2101},
  year={2015},
  publisher={IEEE}
}

@article{gomez2017capacity,
  title={{Capacity Scaling of Cellular Networks: Impact of Bandwidth, Infrastructure Density and Number of Antennas}},
  author={G{\'o}mez-Cuba, Felipe and Erkip, Elza and Rangan, Sundeep and Gonz{\'a}lez-Casta{\~n}o, Francisco Javier},
  journal={IEEE Transactions on Wireless Communications},
  volume={17},
  number={1},
  pages={652--666},
  year={2017},
  month={Nov.},
  publisher={IEEE}
}


@article{polese2017tcp,
  title={{TCP} and {MP}-{TCP} in {5G} {mmWave} networks},
  author={Polese, Michele and Jana, Rittwik and Zorzi, Michele},
  journal={IEEE Internet Computing},
  volume={21},
  number={5},
  pages={12--19},
  year={2017},
  publisher={IEEE}
}


@inproceedings{giordani2018initial,
  title={Initial access frameworks for {3GPP} {NR} at {mmWave} frequencies},
  author={Giordani, Marco and Polese, Michele and Roy, Arnab and Castor, Douglas and Zorzi, Michele},
  booktitle={2018 17th Annual Mediterranean Ad Hoc Networking Workshop (Med-Hoc-Net)},
  year={2018},
  organization={IEEE}
}


@article{giordani2016initial,
  title={Initial access in {5G} {mmWave} cellular networks},
  author={Giordani, Marco and Mezzavilla, Marco and Zorzi, Michele},
  journal={IEEE Communications Magazine},
  volume={54},
  number={11},
  pages={40--47},
  year={2016},
  publisher={IEEE}
}


@article{hemadeh2017millimeter,
  title={{Millimeter-Wave Communications: Physical Channel Models, Design Considerations, Antenna Constructions, and Link-Budget}},
  author={Hemadeh, Ibrahim A and Satyanarayana, Katla and El-Hajjar, Mohammed and Hanzo, Lajos},
  journal={IEEE Communications Surveys \& Tutorials},
  volume={20},
  number={2},
  pages={870--913},
  year={2017},
  month={Dec.},
  publisher={IEEE}
}

@misc{ns3,
  title = {``What is ns-3?"},
  howpublished = {https://www.nsnam.org/about/},
  note = {Accessed: 21-08-2020}
}

@inproceedings{baldo2011open,
  title={An open source product-oriented {LTE} network simulator based on ns-3},
  author={Baldo, Nicola and Miozzo, Marco and Requena-Esteso, Manuel and Nin-Guerrero, Jaume},
  booktitle={Proceedings of the 14th ACM international conference on Modeling, analysis and simulation of wireless and mobile systems},
  address={Miami, Florida, USA},
  year={2011}
}

@inproceedings{mezzavilla20155g,
  title={{5G} {mmWave} module for the ns-3 network simulator},
  author={Mezzavilla, Marco and Dutta, Sourjya and Zhang, Menglei and Akdeniz, Mustafa Riza and Rangan, Sundeep},
  booktitle={Proceedings of the 18th ACM International Conference on Modeling, Analysis and Simulation of Wireless and Mobile Systems},
  year={2015}
}

@inproceedings{polese2018end,
  title={{End-to-End Simulation of Integrated Access and Backhaul at mmWaves}},
  author={Polese, Michele and Giordani, Marco and Roy, Arnab and Goyal, Sanjay and Castor, Douglas and Zorzi, Michele},
  booktitle={IEEE 23rd International Workshop on Computer Aided Modeling and Design of Communication Links and Networks (CAMAD)},
  year={2018},
  address={Barcelona, Spain}
}

@article{hoydis2013massive,
  title={Massive {MIMO} in the {UL}/{DL} of cellular networks: {How} many antennas do we need?},
  author={Hoydis, Jakob and Ten Brink, Stephan and Debbah, M{\'e}rouane},
  journal={IEEE Journal on selected Areas in Communications},
  volume={31},
  number={2},
  pages={160--171},
  year={2013},
  publisher={IEEE}
}


@article{pi2011introduction,
  title={An introduction to millimeter-wave mobile broadband systems},
  author={Pi, Zhouyue and Khan, Farooq},
  journal={IEEE communications magazine},
  volume={49},
  number={6},
  pages={101--107},
  year={2011},
  publisher={IEEE}
}

@article{rost2017network,
  title={Network slicing to enable scalability and flexibility in {5G} mobile networks},
  author={Rost, Peter and Mannweiler, Christian and Michalopoulos, Diomidis S and Sartori, Cinzia and Sciancalepore, Vincenzo and Sastry, Nishanth and Holland, Oliver and Tayade, Shreya and Han, Bin and Bega, Dario and others},
  journal={IEEE Communications magazine},
  volume={55},
  number={5},
  pages={72--79},
  year={2017},
  publisher={IEEE}
}

@inproceedings{rappaport201573,
  title={73 {GHz} wideband millimeter-wave foliage and ground reflection measurements and models},
  author={Rappaport, Theodore S and Deng, Sijia},
  booktitle={2015 IEEE International Conference on Communication Workshop (ICCW)},
  year={2015},
  organization={IEEE}
}


@article{marcus2005millimeter,
  title={Millimeter wave propagation: spectrum management implications},
  author={Marcus, Michael and Pattan, Bruno},
  journal={IEEE Microwave Magazine},
  volume={6},
  number={2},
  pages={54--62},
  year={2005},
  publisher={IEEE}
}


@article{rangan2014millimeter,
  title={{Millimeter-Wave Cellular Wireless Networks: Potentials and Challenges}},
  author={Rangan, Sundeep and Rappaport, Theodore S and Erkip, Elza},
  journal={Proceedings of the IEEE},
  volume={102},
  number={3},
  pages={366--385},
  year={2014},
  month={Mar.},
  publisher={IEEE}
}


@article{hossain20155g,
  title={{5G} cellular: key enabling technologies and research challenges},
  author={Hossain, Ekram and Hasan, Monowar},
  journal={IEEE Instrumentation \& Measurement Magazine},
  volume={18},
  number={3},
  pages={11--21},
  year={2015},
  publisher={IEEE}
}


@article{yousaf2017nfv,
  title={{NFV} and {SDN}—{Key} technology enablers for {5G} networks},
  author={Yousaf, Faqir Zarrar and Bredel, Michael and Schaller, Sibylle and Schneider, Fabian},
  journal={IEEE Journal on Selected Areas in Communications},
  volume={35},
  number={11},
  pages={2468--2478},
  month={Nov.},
  year={2017},
  publisher={IEEE}
}


@article{gavrilovska2016visions,
  title={Visions towards {5G}: {Technical} requirements and potential enablers},
  author={Gavrilovska, Liljana and Rakovic, Valentin and Atanasovski, Vladimir},
  journal={Wireless Personal Communications},
  volume={87},
  number={3},
  pages={731--757},
  year={2016},
  publisher={Springer}
}

@article{walfisch1988theoretical,
  title={A theoretical model of {UHF} propagation in urban environments},
  author={Walfisch, Joram and Bertoni, Henry L},
  journal={IEEE Transactions on antennas and propagation},
  volume={36},
  number={12},
  pages={1788--1796},
  year={1988},
  publisher={IEEE}
}

@inproceedings{weiler2014outdoor,
  title={Outdoor millimeter-wave access for heterogeneous networks—{Path} loss and system performance},
  author={Weiler, Richard J and Peter, Michael and Keusgen, Wilhelm and Shimodaira, Hidekazu and Gia, Khanh Tran and Sakaguchi, Kei},
  booktitle={2014 IEEE 25th Annual International Symposium on Personal, Indoor, and Mobile Radio Communication (PIMRC)},
  year={2014},
  organization={IEEE}
}


@techreport{3gpp_38_101,
 author = {3GPP},
 day = {17},
 institution = {{3rd Generation Partnership Project (3GPP)}},
 month = {07},
 note = {Version 16.4.0},
 number = {38.101-1},
 title = {{NR}; User Equipment ({UE}) radio transmission and reception; {Part} 1: {Range} 1 {Standalone}},
 type = {Technical Specification (TS)},
 year = {2020}
}

@techreport{3gpp_38_913,
 author = {3GPP},
 day = {03},
 institution = {{3rd Generation Partnership Project (3GPP)}},
 month = {08},
 note = {Version 14.3.0},
 number = {38.913},
 title = {Study on scenarios and requirements for next generation access technologies},
 type = {Technical Report (TR)},
 year = {2017}
}

% Not sure whether this is how to properly cite TDocs
@techreport{3gpp_r1_1713763,
 author = {3GPP},
 institution = {Huawei, HiSilicon},
 month = {08},
 title = {{CSI} feedback for {Type} {I} codebook},
 type = {Technical Document (TDoc) R1-1713763},
 year = {2017}
}

@misc{Ericss_rep,
 author = {ITU-R},
 month = {Sep.},
 title = {{IMT} {Vision} – {Framework} and overall objectives of the future development of {IMT} for 2020 and beyond},
 year = {2015}
}

@misc{IMT_rep,
 author = {Ericsson},
 month = {06},
 title = {Ericsson Mobility Report },
 url = {https://www.ericsson.com/en/mobility-report/reports/june-2020},
 year = {2020}
}

@techreport{3gpp_38_900,
 author = {3GPP},
 institution = {{3rd Generation Partnership Project (3GPP)}},
 month = {06},
 note = {Version 14.2.0},
 number = {38.900},
 title = {{LTE};{5G};{Study} on channel model for frequency spectrum above 6 {GHz}},
 type = {Technical Report (TR)},
 year = {2017}
}

@techreport{3gpp_38_322,
 author = {3GPP},
 day = {24},
 institution = {{3rd Generation Partnership Project (3GPP)}},
 month = {07},
 note = {Version 16.1.0},
 number = {38.322},
 title = {{NR}; Radio Link Control (RLC) protocol specification},
 type = {Technical Specification (TS)},
 year = {2020}
}

@techreport{3gpp_38_321,
 author = {3GPP},
 month = {Jul.},
 note = {v16.1.0},
 number = {38.321},
 title = {{NR}; {Medium} {Access} {Control} ({MAC}) protocol specification},
 type = {Technical Specification (TS)},
 year = {2020}
}

@techreport{3gpp_38_340,
 author = {3GPP},
 month = {Mar.},
 note = {v16.4.0},
 number = {38.340},
 title = {{NR}; {Backhaul} {Adaptation} {Protocol} ({BAP}) specification},
 type = {Technical Specification (TS)},
 year = {2021}
}

@techreport{3gpp_38_874,
 author = {3GPP},
 month = {Jan.},
 note = {v.16.0.0},
 number = {38.874},
 title = {{NR}; {Study} on integrated access and backhaul},
 type = {Technical Specification (TS)},
 year = {2019}
}

@techreport{3gpp_36_300,
 author = {3GPP},
 day = {07},
 institution = {{3rd Generation Partnership Project (3GPP)}},
 month = {01},
 note = {Version 15.0.0},
 number = {36.300},
 title = {Evolved Universal Terrestrial Radio Access (E-UTRA) and Evolved Universal Terrestrial Radio Access Network (E-UTRAN); Overall description; Stage 2},
 type = {Technical Specification (TS)},
 year = {2018}
}

@techreport{3gpp_38_300,
 author = {3GPP},
 day = {24},
 institution = {{3rd Generation Partnership Project (3GPP)}},
 month = {Jul.},
 note = {v16.2.0},
 number = {38.300},
 title = {{NR}; {NR} and {NG}-{RAN} {Overall} description; {Stage}-2},
 type = {Technical Specification (TS)},
 year = {2020}
}

@techreport{3gpp_38_174,
 author = {3GPP},
 month = {Jun.},
 note = {v0.1.0},
 number = {38.174},
 title = {{NR}; {Integrated} {Access} and {Backhaul} ({IAB}) radio transmission and reception},
 type = {Technical Specification (TS)},
 year = {2020}
}

@techreport{3gpp_23_501,
 author = {3GPP},
 day = {09},
 institution = {{3rd Generation Partnership Project (3GPP)}},
 month = {07},
 note = {Version 16.5.0},
 number = {23.501},
 title = {System architecture for the {5G} System (5GS)},
 type = {Technical Specification (TS)},
 year = {2020}
}

@techreport{3gpp_38_323,
 author = {3GPP},
 day = {24},
 institution = {{3rd Generation Partnership Project (3GPP)}},
 month = {07},
 note = {Version 16.1.0},
 number = {38.323},
 title = {{NR}; Packet Data Convergence Protocol (PDCP) specification},
 type = {Technical Specification (TS)},
 year = {2020}
}

@techreport{3gpp_38_331,
 author = {3GPP},
 month = {Apr.},
 note = {v16.0.0},
 number = {38.331},
 title = {{NR}; {Radio} {Resource} {Control} ({RRC}); {Protocol} specification},
 type = {Technical Specification (TS)},
 year = {2020}
}

@techreport{3gpp_38_901,
 author = {3GPP},
 month = {Jan.},
 note = {v16.1.0},
 number = {38.901},
 title = {{Study} on channel model for frequencies from 0.5 to 100 {GHz}},
 type = {Technical Report (TR)},
 year = {2020}
}

@ARTICLE{love2003,  
author={D. J. {Love} and R. W. {Heath}},  
journal={IEEE Transactions on Communications},   
title={Equal gain transmission in multiple-input multiple-output wireless systems},   
year={2003},  
volume={51},  
number={7},  
pages={1102-1110}
}

@ARTICLE{mezzavilla2018end,
  author={M. {Mezzavilla} and M. {Zhang} and M. {Polese} and R. {Ford} and S. {Dutta} and S. {Rangan} and M. {Zorzi}},
  journal={IEEE Communications Surveys \& Tutorials}, 
  title="{{End}-to-{End} {Simulation} of {5G} {mmWave} {Networks}}", 
  year={2018},
  volume={20},
  number={3},
  pages={2237-2263},
  doi={10.1109/COMST.2018.2828880},
  ISSN={1553-877X},
  month={Third quarter},}


@inproceedings{zhang2017ns,
  title={{ns-3} implementation of the {3GPP} {MIMO} channel model for frequency spectrum above 6 {GHz}},
  author={Zhang, Menglei and Polese, Michele and Mezzavilla, Marco and Rangan, Sundeep and Zorzi, Michele},
  booktitle={Proceedings of the Workshop on ns-3},
  location={Porto Portugal},
  year={2017}
}


@techreport{3gpp_38_211,
 author = {3GPP},
 day = {14},
 institution = {{3rd Generation Partnership Project (3GPP)}},
 month = {07},
 note = {Version 16.2.0},
 number = {38.211},
 title = {{NR}; {Physical} channels and modulation},
 type = {Technical Specification (TS)},
 year = {2020}
}

@article{collonge2004influence,
  title={Influence of the human activity on wide-band characteristics of the 60 {GHz} indoor radio channel},
  author={Collonge, Sylvain and Zaharia, Gheorghe and Zein, G EL},
  journal={IEEE Transactions on Wireless Communications},
  volume={3},
  number={6},
  pages={2396--2406},
  year={2004},
  publisher={IEEE}
}


@article{lu2012modeling,
  title={Modeling human blockers in millimeter wave radio links},
  author={Lu, Jonathan S and Steinbach, Daniel and Cabrol, Patrick and Pietraski, Philip},
  journal={ZTE communications},
  volume={10},
  number={4},
  pages={23--28},
  year={2012},
  publisher={Zhongxing Telecommunications Equipment Communications, 450 Rongshida Ave~…}
}

@inproceedings{nie201428,
  title={28 {GHz} and 73 {GHz} signal outage study for millimeter wave cellular and backhaul communications},
  author={Nie, Shuai and MacCartney, George R and Sun, Shu and Rappaport, Theodore S},
  booktitle={2014 IEEE International Conference on Communications (ICC)},
  year={2014},
  organization={IEEE}
}


@article{xu2002spatial,
  title={Spatial and temporal characteristics of 60-{GHz} indoor channels},
  author={Xu, Hao and Kukshya, Vikas and Rappaport, Theodore S},
  journal={IEEE Journal on selected areas in communications},
  volume={20},
  number={3},
  pages={620--630},
  year={2002},
  publisher={IEEE}
}

@inproceedings{zhao201328,
  title={28 {GHz} millimeter wave cellular communication measurements for reflection and penetration loss in and around buildings in {New} {York} city},
  author={Zhao, Hang and Mayzus, Rimma and Sun, Shu and Samimi, Mathew and Schulz, Jocelyn K and Azar, Yaniv and Wang, Kevin and Wong, George N and Gutierrez, Felix and Rappaport, Theodore S},
  booktitle={2013 IEEE International Conference on Communications (ICC)},
  year={2013},
  organization={IEEE}
}


@inproceedings{nie201372,
  title={72 GHz millimeter wave indoor measurements for wireless and backhaul communications},
  author={Nie, Shuai and MacCartney, George R and Sun, Shu and Rappaport, Theodore S},
  booktitle={2013 IEEE 24th Annual International Symposium on Personal, Indoor, and Mobile Radio Communications (PIMRC)},
  year={2013},
  organization={IEEE}
}


@article{maccartney2015millimeter,
  title={Milli\-meter-wave omnidirectional path loss data for small cell {5G} channel modeling},
  author={MacCartney, George R and Rappaport, Theodore S and Samimi, Mathew K and Sun, Shu},
  journal={IEEE access},
  volume={3},
  pages={1573--1580},
  year={2015},
  publisher={IEEE}
}


@book{diggle2013statistical,
  title={Statistical analysis of spatial and spatio-temporal point patterns},
  author={Diggle, Peter J},
  year={2013},
  publisher={CRC press}
}


@article{rummler1980time,
  title={Time-and Frequency-Domain Representation of Multipath Fading on Line-of-Sight Microwave Paths},
  author={Rummler, WD},
  journal={Bell System Technical Journal},
  volume={59},
  number={5},
  pages={763--796},
  year={1980},
  publisher={Wiley Online Library}
}


@article{hur2013millimeter,
  title={Millimeter {Wave} {Beamforming} for {Wireless} {Backhaul} and {Access} in {Small} {Cell} {Networks}},
  author={Hur, Sooyoung and Kim, Taejoon and Love, David J and Krogmeier, James V and Thomas, Timothy A and Ghosh, Amitava},
  journal={IEEE Transactions on Communications},
  volume={61},
  number={10},
  pages={4391--4403},
  year={2013},
  month={01},
  publisher={IEEE}
}

@article{dutta2017frame,
  title={Frame structure design and analysis for millimeter wave cellular systems},
  author={Dutta, Sourjya and Mezzavilla, Marco and Ford, Russell and Zhang, Menglei and Rangan, Sundeep and Zorzi, Michele},
  journal={IEEE Transactions on Wireless Communications},
  volume={16},
  number={3},
  pages={1508--1522},
  year={2017},
  month={Mar.},
  publisher={IEEE}
}

@inproceedings{khan2011mmwave,
  title={{mmWave} mobile broadband ({MMB}): {Unleashing the 3--300 {GHz} spectrum}},
  author={Khan, Farooq and Pi, Zhouyue},
  booktitle={34th IEEE Sarnoff Symposium},
  address={Princeton, NJ, USA},
  year={2011}
}

@article{ji2012throughput,
  title={Throughput-optimal scheduling in multihop wireless networks without per-flow information},
  author={Ji, Bo and Joo, Changhee and Shroff, Ness},
  journal={IEEE/ACM Transactions on Networking},
  volume={21},
  number={2},
  pages={634--647},
  month={Apr.},
  year={2013},
  publisher={IEEE}
}

@misc{brand2020deterministic,
      title={A Deterministic Linear Program Solver in Current Matrix Multiplication Time}, 
      author={Jan van den Brand},
      year={2020},
      eprint={1910.11957},
      archivePrefix={arXiv},
      primaryClass={cs.DS}
}

@inproceedings{qualcomm1,
  title={{Integrated Access Backhaul in Millimeter Wave Networks}},
  author={Islam, Muhammad Nazmul and Subramanian, Sundar and Sampath, Ashwin},
  booktitle={IEEE Wireless Communications and Networking Conference (WCNC)},
  address={San Francisco, CA, USA},
  pages={1--6},
  year={2017}
}

@inproceedings{qualcomm2,
  title={Investigation of performance in integrated access and backhaul networks},
  author={Islam, Muhammad Nazmul and Abedini, Navid and Hampel, Georg and Subramanian, Sundar and Li, Junyi},
  booktitle={IEEE Conference on Computer Communications Workshops (INFOCOM WKSHPS)},
  address={Honolulu, HI, USA},
  year={2018}
}

@article{stoch_geom1,
  title={Bandwidth partitioning and downlink analysis in millimeter wave integrated access and backhaul for {5G}},
  author={Saha, Chiranjib and Afshang, Mehrnaz and Dhillon, Harpreet S},
  journal={IEEE Transactions on Wireless Communications},
  volume={17},
  number={12},
  pages={8195--8210},
  year={2018},
  month={Dec.},
  publisher={IEEE}
}

@article{stoch_geom2,
  title={Millimeter {Wave} {Integrated} {Access} and {Backhaul} in {5G}: {Performance} {Analysis} and {Design} {Insights}},
  author={Saha, Chiranjib and Dhillon, Harpreet S},
  journal={IEEE Journal on Selected Areas in Communications},
  year={2019},
  volume={37},
  number={12},
  pages={2669--2684},
  month={Dec.},
  publisher={IEEE}
}


@ARTICLE{lei2020deep,
  author={W. {Lei} and Y. {Ye} and M. {Xiao}},
  journal={IEEE Transactions on Cognitive Communications and Networking}, 
  title={Deep Reinforcement Learning-Based Spectrum Allocation in Integrated Access and Backhaul Networks}, 
  year={2020},
  month={Sep.},
  volume={6},
  number={3},
  pages={970-979},
  doi={10.1109/TCCN.2020.2992628}}


@inproceedings{rasekh2015interference,
  title={Interference-aware routing and spectrum allocation for millimeter wave backhaul in urban picocells},
  author={Rasekh, Maryam Eslami and Guo, Dongning and Madhow, Upamanyu},
  booktitle={53rd Annual Allerton Conference on Communication, Control, and Computing},
  year={2015},
  address={Monticello, IL, USA}
}

@article{bilal2014time,
  title={{Time}-{Slotted} {Scheduling} {Schemes} for {Multi}-hop {Concurrent} {Transmission} in {WPANs} with {Directional} {Antenna}},
  author={Bilal, Muhammad and Kang, Moonsoo and Shah, Sayed Chhattan and Kang, Shin-Gak},
  journal={ETRI Journal},
  volume={36},
  number={3},
  pages={374--384},
  year={2014},
  month={Jun.},
  publisher={Wiley Online Library}
}

@inproceedings{cruz2003optimal,
  title={Optimal routing, link scheduling and power control in multihop wireless networks},
  author={Cruz, Rene L and Santhanam, Arvind V},
  booktitle={22nd Annual Joint Conference of the IEEE Computer and Communications Societies (INFOCOM 2003)},
  address={San Francisco, CA, USA},
  year={2003}
}

@article{vergados2017toward,
  title={Toward optimal distributed node scheduling in a multihop wireless network through local voting},
  author={Vergados, Dimitrios J and Amelina, Natalia and Jiang, Yuming and Kralevska, Katina and Granichin, Oleg},
  journal={IEEE Transactions on Wireless Communications},
  volume={17},
  number={1},
  pages={400--414},
  year={2017},
  publisher={IEEE}
}

@article{loumiotis2014dynamic,
  title={Dynamic backhaul resource allocation: {An} evolutionary game theoretic approach},
  author={Loumiotis, Ioannis V and Adamopoulou, Evgenia F and Demestichas, Konstantinos P and Stamatiadi, Theodora A and Theologou, Michael E},
  journal={IEEE Transactions on Communications},
  volume={62},
  number={2},
  pages={691--698},
  year={2014},
  publisher={IEEE}
}

@inproceedings{semiari2015matching,
  title={Matching theory for backhaul management in small cell networks with mmWave capabilities},
  author={Semiari, Omid and Saad, Walid and Daw, Zaher and Bennis, Mehdi},
  booktitle={2015 IEEE International Conference on Communications (ICC)},
  year={2015},
  organization={IEEE}
}

@article{kulkarni2018max,
  title={Max-min rates in self-backhauled millimeter wave cellular networks},
  author={Kulkarni, Mandar N and Ghosh, Amitava and Andrews, Jeffrey G},
  journal={arXiv preprint arXiv:1805.01040},
  year={2018}
}

@inproceedings{tassiulas1990stability,
  title={Stability properties of constrained queueing systems and scheduling policies for maximum throughput in multihop radio networks},
  author={Tassiulas, Leandros and Ephremides, Anthony},
  booktitle={29th IEEE Conference on Decision and Control},
  address={Honolulu, HI, USA},
  year={1990}
}

@article{singh2018throughput,
  title={Throughput optimal decentralized scheduling of multihop networks with end-to-end deadline constraints: {Unreliable} links},
  author={Singh, Rahul and Kumar, PR},
  journal={IEEE Transactions on Automatic Control},
  volume={64},
  number={1},
  pages={127--142},
  year={2019},
  month={Jan.},
  publisher={IEEE}
}

@article{kelly1997charging,
  title={Charging and rate control for elastic traffic},
  author={Kelly, Frank},
  journal={European Transactions on Telecommunications},
  volume={8},
  number={1},
  pages={33--37},
  year={1997},
  month={Jan.},
  publisher={Wiley Online Library}
}
@article{kelly1998rate,
  title={Rate control for communication networks: shadow prices, proportional fairness and stability},
  author={Kelly, Frank P and Maulloo, Aman K and Tan, David KH},
  journal={Journal of the Operational Research society},
  volume={49},
  number={3},
  pages={237--252},
  year={1998},
  month={Apr.},
  publisher={Springer}
}

@inproceedings{vu2018path,
  title={Path selection and rate allocation in self-backhauled {mmWave} networks},
  author={Vu, Trung Kien and Liu, Chen-Feng and Bennis, Mehdi and Debbah, M{\'e}rouane and Latva-Aho, Matti},
  booktitle={IEEE Wireless Communications and Networking Conference (WCNC)},
  address={Barcelona, Spain},
  year={2018}
}

@article{garcia2015analysis,
  title={On the analysis of scheduling in dynamic duplex multihop {mmWave} cellular systems},
  author={Garcia-Rois, Juan and Gomez-Cuba, Felipe and Akdeniz, Mustafa Riza and Gonzalez-Castano, Francisco J and Burguillo, Juan C and Rangan, Sundeep and Lorenzo, Beatriz},
  journal={IEEE Transactions on Wireless Communications},
  volume={14},
  number={11},
  pages={6028--6042},
  year={2015},
  month={Nov.},
  publisher={IEEE}
}

@article{gomez2019optimal,
  title={Optimal {Link} {Scheduling} in {Millimeter} {Wave} {Multi}-hop {Networks} with {MU}-{MIMO} radios.},
  author={G{\'o}mez-Cuba, Felipe and Zorzi, Michele},
  journal={IEEE Transactions on Wireless Communications},
  volume={19},
  number={3},
  pages={1839--1854},
  year={2020},
  month={Mar.},
  publisher={IEEE}
}
@inproceedings{gomez2016optimal,
  title={Optimal link scheduling in millimeter wave multi-hop networks with space division multiple access},
  author={Gomez-Cuba, Felipe and Zorzi, Michele},
  booktitle={2016 Information Theory and Applications Workshop (ITA)},
  address={La Jolla, CA, USA},
  year={2016}
}

@article{polese2020integrated,
  title={Integrated {Access} and {Backhaul} in {5G} {mmWave} {Networks}: {Potential} and {Challenges}},
  author={Polese, Michele and Giordani, Marco and Zugno, Tommaso and Roy, Arnab and Goyal, Sanjay and Castor, Douglas and Zorzi, Michele},
  journal={IEEE Communications Magazine},
  volume={58},
  number={3},
  pages={62--68},
  year={2020},
  month={Mar.},
  publisher={IEEE}
}

@inproceedings{zugno2020implementation,
author = {Zugno, Tommaso and Polese, Michele and Patriciello, Natale and Bojovi\'{c}, Biljana and Lagen, Sandra and Zorzi, Michele},
title = {Implementation of a Spatial Channel Model for Ns-3},
year = {2020},
booktitle = {Proceedings of the 2020 Workshop on ns-3},
address = {Gaithersburg, MD, USA},
}

@ARTICLE{7786130,
  author={J. {Choi} and V. {Va} and N. {Gonzalez-Prelcic} and R. {Daniels} and C. R. {Bhat} and R. W. {Heath}},
  journal=IEEE_M_COM, 
  title={{Millimeter-Wave Vehicular Communication to Support Massive Automotive Sensing}}, 
  month={Dec.},
  year={2016},
  volume={54},
  number={12},
  pages={160-167},}

@INPROCEEDINGS{9128612,
  author={W. {Zheng} and A. {Ali} and N. {González-Prelcic} and R. W. {Heath} and A. {Klautau} and E. M. {Pari}},
  booktitle={2020 IEEE 91st Vehicular Technology Conference (VTC2020-Spring)}, 
  title={{5G V2X Communication at Millimeter Wave: Rate Maps and Use Cases}}, 
  address={Antwerp, Belgium},
  month={May},
  year={2020},
  volume={},
  number={},}

@ARTICLE{8876629,
  author={W. {Yi} and Y. {Liu} and Y. {Deng} and A. {Nallanathan} and R. W. {Heath}},
  journal=IEEE_J_JSAC, 
  title={{Modeling and Analysis of MmWave V2X Networks With Vehicular Platoon Systems}}, 
  year={2019},
  month={Dec.},
  volume={37},
  number={12},
  pages={2851-2866},}
  
@inproceedings{baldo2011lte,
author = {Baldo, Nicola and Miozzo, Marco and Requena-Esteso, Manuel and Nin-Guerrero, Jaume},
title = {An Open Source Product-Oriented LTE Network Simulator Based on Ns-3},
year = {2011},
isbn = {9781450308984},
publisher = {Association for Computing Machinery},
url = {https://doi.org/10.1145/2068897.2068948},
doi = {10.1145/2068897.2068948},
booktitle = {Proceedings of the 14th ACM International Conference on Modeling, Analysis and Simulation of Wireless and Mobile Systems},
pages = {293–298},
numpages = {6},
keywords = {NS-3, LTE, scheduling, e-utra, 3GPP, simulator},
address = {Miami, Florida, USA},
series = {MSWiM ’11}
}

@techreport{3gpp.38.322,
 author = {3GPP},
 day = {04},
 institution = {{3rd Generation Partnership Project (3GPP)}},
 month = {01},
 note = {Version 15.0.0},
 number = {38.322},
 title = {{NR; Radio Link Control (RLC) protocol specification}},
 type = {Technical Specification (TS)},
 year = {2018}
}

@inproceedings{polese2017milliproxy,
  title={{milliProxy: A TCP proxy architecture for 5G mmWave cellular systems}},
  author={Polese, Michele and Mezzavilla, Marco and Zhang, Menglei and Zhu, Jing and Rangan, Sundeep and Panwar, Shivendra and Zorzi, Michele},
  booktitle={51st Asilomar Conference on Signals, Systems, and Computers},
  pages={951--957},
  year={2017},
  organization={IEEE}
}

@inproceedings{dosovitskiy2017carla,
  title = { {CARLA}: {An} Open Urban Driving Simulator},
  author = {Alexey Dosovitskiy and German Ros and Felipe Codevilla and Antonio Lopez and Vladlen Koltun},
  booktitle = {Proceedings of the 1st Annual Conference on Robot Learning},
  year = {2017}
}

@INPROCEEDINGS{giordani2018feasibility, 
author={M. {Giordani} and A. {Zanella} and T. {Higuchi} and O. {Altintas} and M. {Zorzi}}, 
booktitle={IEEE 88th Vehicular Technology Conference (VTC-Fall)}, 
title={{On the Feasibility of Integrating mmWave and IEEE 802.11p for V2V Communications}}, 
year={2018}, 
keywords={array signal processing;millimetre wave communication;telecommunication network reliability;vehicular ad hoc networks;wireless LAN;automotive applications;vehicular communications;severe isotropic path loss;high-frequency channels;mmWave signals;frequent realignment;vehicle-to-vehicle transmissions;vehicular scenarios;mmWave technology;mmWave-based strategies;ultra-high transmission speeds;IEEE 802.11p systems;reliable communications;robust communications;millimeter wave band;vehicular communication design;V2V communications}, 
doi={10.1109/VTCFall.2018.8690697}, 
ISSN={1090-3038}, 
month={Aug},}
  

@ARTICLE{lu2014connected, 
author={N. Lu and N. Cheng and N. Zhang and X. Shen and J. W. Mark}, 
journal={IEEE Internet Things J.}, 
title={Connected Vehicles: Solutions and Challenges}, 
year={2014}, 
volume={1}, 
number={4}, 
pages={289-299}, 
keywords={intelligent transportation systems;next generation networks;road vehicles;vehicular ad hoc networks;connected vehicles;wireless connectivities;vehicle communication;automotive revolution;next generation intelligent transportation systems;Internet of Vehicles;IoV;vehicle-to-x connectivity;vehicle-to-sensor infrastructure connectivity;vehicle-to-vehicle infrastructure connectivity;vehicle-to-Internet infrastructure connectivity;vehicle-to-road infrastructure connectivity;Vehicles;Wireless sensor networks;Wireless communication;Reliability;Safety;Zigbee;Communication system security;Connected vehicles;intelligent transportation systems (ITSs);Internet of Vehicles (IoV);intra-vehicle wireless sensor networks;vehicular networks}, 
doi={10.1109/JIOT.2014.2327587}, 
ISSN={2327-4662}, 
month={Aug.},}



@INPROCEEDINGS{kuehlmorgen2018simulation,
author={S. {Kuehlmorgen} and P. {Schmager} and A. {Festag} and G. {Fettweis}},
booktitle={IEEE 88th Vehicular Technology Conference (VTC-Fall)},
title="{Simulation-Based Evaluation of ETSI ITS-G5 and Cellular-VCS in a Real-World Road Traffic Scenario}",
year={2018},
volume={},
number={},
pages={1-6},
keywords={cellular radio;Long Term Evolution;protocols;road safety;road traffic;telecommunication traffic;vehicular ad hoc networks;wireless LAN;road safety;traffic efficiency applications;ad-hoc networks;ITS-G5/802.11p protocol stack;cellular network;extended LTE stack;Cellular-VCS;classical LTE stack;Device-to-Device communication;network load;real-world road traffic scenario;road traffic density measurements;mixed network data traffic;periodically event-based messages;moderate road traffic conditions;quantified communication parameters;simulation-based evaluation;Vehicular Communication Systems},
doi={10.1109/VTCFall.2018.8691011},
ISSN={1090-3038},
month={Aug},}


@inproceedings{drago2020millicar,
author = {Drago, Matteo and Zugno, Tommaso and Polese, Michele and Giordani, Marco and Zorzi, Michele},
title = "{MilliCar: An ns-3 Module for MmWave NR V2X Networks}",
year = {2020},
month = {Jun.},
address = {Gaithersburg, MD, USA},
booktitle = {Proceedings of the 2020 Workshop on ns-3},
keywords = {3GPP, vehicular, ns-3, mmWave, NR V2X},
location = {Gaithersburg, MD, USA},
}

@inproceedings{zugno2020implementation,
author = {Zugno, Tommaso and Polese, Michele and Patriciello, Natale and Bojovi\'{c}, Biljana and Lagen, Sandra and Zorzi, Michele},
title = {{Implementation of a Spatial Channel Model for ns-3}},
year = {2020},
isbn = {9781450375375},
booktitle = {Proceedings of the 2020 Workshop on ns-3},
pages = {49–56},
numpages = {8}
}


@inproceedings{rouil2017implementation,
author = {Rouil, Richard and Cintr\'{o}n, Fernando J. and Ben Mosbah, Aziza and Gamboa, Samantha},
title = "{Implementation and Validation of an LTE D2D Model for ns-3}",
year = {2017},
isbn = {9781450352192},
publisher = {Association for Computing Machinery},
doi = {10.1145/3067665.3067668},
booktitle = {Proceedings of the Workshop on ns-3},
pages = {55-62},
numpages = {8},
keywords = {Long Term Evolution, 3GPP, Device-to-Device Communication, ns-3, Network Modeling},
address = {Porto, Portugal},
series = {WNS3 '17}
}

@INPROCEEDINGS{yang2010dftbeam,
author={D. {Yang} and L. -. {Yang} and L. {Hanzo}},
booktitle={IEEE International Conference on Communications},
title={DFT-Based Beamforming Weight-Vector Codebook Design for Spatially Correlated Channels in the Unitary Precoding Aided Multiuser Downlink},
year={2010},
volume={},
number={},
keywords={antennas;multiuser channels;precoding;radio links;DFT-based beamforming weight-vector codebook design;spatially correlated channel;unitary precoding aided multiuser downlink;antenna elements;codewords;optimal beamforming weight-vectors;DFT-based precoding matrix;orthogonality;Array signal processing;Downlink;Frequency estimation;Discrete Fourier transforms;Statistical distributions;Code standards;Mobile antennas;Transmitters;Quantization;Communications Society},
ISSN={1550-3607},
month={May},}

@inproceedings{zhang2017channel3gpp,
author = {Zhang, Menglei and Polese, Michele and Mezzavilla, Marco and Rangan, Sundeep and Zorzi, Michele},
title = {ns-3 Implementation of the 3GPP MIMO Channel Model for Frequency Spectrum above 6 GHz},
year = {2017},
isbn = {9781450352192},
publisher = {Association for Computing Machinery},
booktitle = {Proceedings of the Workshop on ns-3},
pages = {71-78},
numpages = {8},
keywords = {3GPP, Cellular, mmWave, 5G, Channel, Propagation},
address = {Porto, Portugal},
series = {WNS3 '17}
}

@article{PATRICIELLO2019101933,
title = "{An E2E simulator for 5G NR networks}",
journal = "Simulation Modelling Practice and Theory",
volume = "96",
pages = "101933",
year = "2019",
issn = "1569-190X",
author = "Natale Patriciello and Sandra Lagen and Biljana Bojovic and Lorenza Giupponi",
keywords = "ns-3, NR, Network simulator, E2E Evaluation, Calibration",
abstract = "As the specification of the new 5G NR standard proceeds inside 3GPP, the availability of a versatile, full-stack, End-To-End (E2E), and open source simulator becomes a necessity to extract insights from the recently approved 3GPP specifications. This paper presents an extension to ns-3, a well-known discrete-event network simulator, to support the NR Radio Access Network. The present work describes the design and implementation choices at the MAC and PHY layers, and it discusses a technical solution for managing different bandwidth parts. Finally, we present calibration results, according to 3GPP procedures, and we show how to get E2E performance indicators in a realistic deployment scenario, with special emphasis on the E2E latency."
}

@ARTICLE{mezzavilla2018end,
author={M. {Mezzavilla} and M. {Zhang} and M. {Polese} and R. {Ford} and S. {Dutta} and S. {Rangan} and M. {Zorzi}},
journal=IEEE_O_CSTO,
title="{End-to-End Simulation of 5G mmWave Networks}",
year={2018},
volume={20},
number={3},
pages={2237-2263},
keywords={5G mobile communication;cellular radio;discrete event simulation;Long Term Evolution;millimetre wave communication;OFDM modulation;protocols;radio links;ray tracing;statistical analysis;telecommunication congestion control;wireless channels;medium access control layers;core network;ns-3 Long Term Evolution module;full-stack simulations;end-to-end connectivity;custom mmWave stack;custom congestion control algorithms;mmWave channel;end-to-end simulation;5G mmWave networks;low latency wireless links;millimeter wave technology;central role;mmWave physical layer;protocol stack;discrete-event network simulation;cross-layer research;full-stack mmWave module;open-source ns-3 simulator;physical access control layers;orthogonal frequency division multiplexing;statistical channel models;ray tracing data;5th generation cellular systems;5G mobile communication;Protocols;Antenna arrays;Tutorials;Long Term Evolution;3GPP;Millimeter wave technology;mmWave;5G;cellular;channel;propagation;PHY;MAC;multi-connectivity;handover;simulation;ns–3},
ISSN={2373-745X},
month={Third quarter},}


@INPROCEEDINGS{mavromatis2018efficient,
author={I. {Mavromatis} and A. {Tassi} and R. J. {Piechocki} and A. {Nix}},
booktitle={IEEE International Conference on Communications Workshops (ICC Workshops)},
title="{Efficient V2V Communication Scheme for 5G mmWave Hyper-Connected CAVs}",
year={2018},
volume={},
number={},
pages={1-6},
keywords={5G mobile communication;millimetre wave communication;vehicles;vehicular ad hoc networks;mmWaves channel utilisation;trajectory planning;Dedicated Short Range Communications;distributed Vehicle-to- Vehicle mmWaves association scheme;DSRC frequency band;CAV pairs formation;V2V multipoint-to-multipoint links;sensory data exchange capacity;V2V communication;5G mmWave hyper-connected CAV},
ISSN={2474-9133},
month={May},}


@ARTICLE{perfecto2017millimeter,
author={C. {Perfecto} and J. {Del Ser} and M. {Bennis}},
journal=IEEE_J_JSAC,
title="{Millimeter-Wave V2V Communications: Distributed Association and Beam Alignment}",
year={2017},
volume={35},
number={9},
pages={2148-2162},
keywords={queueing theory;resource allocation;swarm intelligence;telecommunication network reliability;vehicular ad hoc networks;millimeter-wave V2V communications;distributed association;beam alignment;bandwidth demands;vehicular communications;environmental awareness;safety level;resource allocation schemes;radio conditions;matching theory;swarm intelligence;reception beamwidths;transmission beamwidth;channel state information;queue state information;vehicle-to-vehicle links;reliability tradeoffs;ultradense vehicular scenarios;mmWave bands;Delays;Optimization;Data communication;Bandwidth;Safety;Resource management;Wireless communication;V2V communications;millimeter-wave;5G;matching theory;latency-reliability tradeoff},
ISSN={1558-0008},
month={Sep.},}



@article{performance2018giordani,
  title={{Performance Study of LTE and mmWave in Vehicle-to-Network Communications}},
  author={M. Giordani and A. Zanella and T. Higuchi and O. Altintas and M. Zorzi},
  journal={IEEE 17th Annual Mediterranean Ad Hoc Networking Workshop (Med-Hoc-Net)},
  year={2018}
}


@INPROCEEDINGS{giordani2019lte,
author={M. {Giordani} and A. {Zanella} and M. {Zorzi}},
booktitle={IEEE 89th Vehicular Technology Conference (VTC2019-Spring)},
title="{LTE and Millimeter Waves for V2I Communications: An End-to-End Performance Comparison}",
year={2019},
keywords={access protocols;electromagnetic wave absorption;intelligent transportation systems;Long Term Evolution;millimetre wave communication;quality of service;radio spectrum management;radiowave propagation;road safety;telecommunication traffic;transport protocols;vehicular ad hoc networks;wireless channels;LTE;mmWave technologies;vehicular scenario;detailed measurement-based channel models;transport protocols;robust connections;fair connections;emerging automotive applications;end-to-end performance comparison;Long Term Evolution standard;cellular connectivity;basic automotive services;road safety;fully autonomous transportation systems;intelligent transportation systems;radio technologies;vehicular applications;millimeter wave spectrum;required link capacity;high frequencies;severe propagation;absorption loss;communication disconnections;high mobility scenarios;V2I communications;vehicle-to-infrastructure communications;technological advances;MAC protocol;RLC protocol;frequency 6.0 GHz;Long Term Evolution;Throughput;Automation;Automotive engineering;Millimeter wave technology;3GPP;Millimeter wave communication},
ISSN={1090-3038},}


@ARTICLE{petrov2018impact,
author={V. {Petrov} and J. {Kokkoniemi} and D. {Moltchanov} and J. {Lehtom\"aki} and M. {Juntti} and Y. {Koucheryavy}},
journal={IEEE Transactions on Vehicular Technology},
title="{The Impact of Interference From the Side Lanes on mmWave/THz Band V2V Communication Systems With Directional Antennas}",
year={2018},
volume={67},
number={6},
pages={5028-5041},
keywords={directive antennas;millimetre wave communication;multipath channels;radiofrequency interference;stochastic processes;vehicular ad hoc networks;wireless channels;transmitting vehicles;signal-to-interference ratio;multipath interference;urban road environments;low terahertz bands;directional antennas;interference impact;mmWave-THz band V2V communication systems;high data-rate vehicle-to-vehicle communications;wireless networks;information transmission;signal reflections;millimeter-wave bands;two-dimensional stochastic models;Interference;Directional antennas;Analytical models;Road transportation;Antenna measurements;Propagation losses;Communication systems;Vehicle-to-Vehicle communications;millimeter waves;terahertz band communications;interference},
ISSN={1939-9359},
month={June},}


@ARTICLE{choi2016millimeter,
author={J. {Choi} and V. {Va} and N. {Gonzalez-Prelcic} and R. {Daniels} and C. R. {Bhat} and R. W. {Heath}},
journal=IEEE_M_COM,
title="{Millimeter-Wave Vehicular Communication to Support Massive Automotive Sensing}",
year={2016},
volume={54},
number={12},
pages={160-167},
keywords={cameras;optical radar;radio links;road vehicle radar;sensors;vehicular ad hoc networks;dedicated short-range communication;DSRC;beam alignment overhead reduction;mm-wave communication link configuration;DSRC;vehicle-to-infrastructure application;vehicle-to-vehicle application;mmWave communication;automated driving function improvement;sensor data exchange;wireless communication;high resolution depth associated range map generation;LIDAR;virtual mirror;visual camera;object detection;radar;massive automotive sensing;millimeter wave vehicular communication;Intelligent vehicles;Sensors;Cameras;Automotive engineering;Laser radar;Automotive electronics;Millimeter wave communication},
ISSN={1558-1896},
month={December},}


@MISC{38300,
        AUTHOR =        {3GPP},
        TITLE =         "{NR and NG-RAN Overall Description}",
        Howpublished =  {TS 38.300 (Rel. 15)},
        Year =          {2018},
        Note =          {},
        summary =       {}
        }

@MISC{22886,
        AUTHOR =        {3GPP},
        TITLE =         "{Study on enhancement of 3GPP support for 5G V2X services}",
        Howpublished =  {TR 22.886 (Rel. 16)},
        Year =          {Jun. 2018},
        Note =          {},
        summary =       {}
        }
        
@ARTICLE{zhang2019will,
author={M. {Zhang} and M. {Polese} and M. {Mezzavilla} and J. {Zhu} and S. {Rangan} and S. {Panwar} and M. {Zorzi}},
journal=IEEE_M_COM,
title="{Will TCP Work in mmWave 5G Cellular Networks?}",
year={2019},
volume={57},
number={1},
pages={65-71},
keywords={3G mobile communication;5G mobile communication;adaptive control;cellular radio;millimetre wave communication;telecommunication congestion control;transport protocols;mmWave 5g cellular networks;multigigabit-per-second data rates;fifth generation cellular networks;mmWave capacity;mmWave signals;directional searching;adaptive control mechanisms;transport layer protocols;mmWave cellular systems;congestion control algorithm;TCP packet size;mmWave links;millimeter-wave bands;TCP BBR;3GPPstack parameters;Millimeter wave communication;Protocols;Handover;3GPP;5G mobile communication;Cellular networks},
doi={10.1109/MCOM.2018.1701370},
ISSN={},
month={January},}

@article{boban2018connected,
  title={{Connected roads of the future: Use cases, requirements, and design considerations for vehicle-to-everything communications}},
  author={Boban, Mate and Kousaridas, Apostolos and Manolakis, Konstantinos and Eichinger, Josef and Xu, Wen},
  journal={IEEE Vehicular Technology Magazine},
  volume={13},
  number={3},
  pages={110--123},
  year={2018},
  month={July}
}

@ARTICLE{machardy2018v2x,
author={Z. {MacHardy} and A. {Khan} and K. {Obana} and S. {Iwashina}},
journal=IEEE_O_CSTO,
title="{{V2X Access} Technologies: Regulation, Research, and Remaining Challenges}",
year={2018},
volume={20},
number={3},
pages={1858-1877},
keywords={cellular radio;sensor-equipped vehicles;standardization efforts;governmental authorities;automotive manufacturers;mobile network operators;V2X Access Technologies;intelligent transportation systems;Vehicular ad hoc networks;Wireless communication;Tutorials;Long Term Evolution;Intelligent transportation systems;intelligent vehicles;ad-hoc networks;heterogeneous networks;network security},
doi={10.1109/COMST.2018.2808444},
ISSN={},
month={Third quarter},}

@INPROCEEDINGS{gong2011multiuser,
author={M. X. {Gong} and D. {Akhmetov} and R. {Want} and S. {Mao}},
booktitle={IEEE International Conference on Communications (ICC)},
title="{Multi-User Operation in mmWave Wireless Networks}",
year={2011},
volume={},
number={},
pages={1-6},
keywords={access protocols;directive antennas;millimetre wave antennas;radio networks;space division multiple access;multiuser operation;millimeter wave wireless networks;multiuser spatial division multiple access operation;MU SDMA transmission;directional antennas;MAC protocols;CSMA-CA based uplink;virtual carrier sensing;access point;performance analysis;single user operation;SU operation;frequency 60 GHz;Multiaccess communication;Media Access Protocol;Data communication;Wireless LAN;Wireless networks;Multiplexing},
doi={10.1109/icc.2011.5963192},
ISSN={},
month={June},}

@misc{38802,
  author = "{3GPP}",
  title = "{Study on New Radio (NR) Access Technology - Physical Layer Aspects - Release 14}",
  Howpublished =  {TR 38.802},

  year = {2017},
}

@misc{38215,
  author = "{3GPP}",
  title = "{NR - Physical layer measurements - Rel. 15}",
  Howpublished =  {TS 38.215},
  year = {2018},
}

@misc{22186,
  author = "{3GPP}",
  title = "{Service requirements for enhanced V2X scenarios - Rel. 15}",
  Howpublished =  {TS 22.186},
  year = {2018},
}


@article{alnajjar2015size,
  title={{Size and array shape for massive MIMO}},
  author={Alnajjar, Khawla A and Smith, Peter J and Whiting, Philip and Woodward, Graeme K},
  journal={IEEE Wireless Communications Letters},
  volume={4},
  number={6},
  pages={653--656},
  year={2015},
  publisher={IEEE}
}

@INPROCEEDINGS{shah2019power, author={S. H. {Ali Shah} and S. {Aditya} and S. {Dutta} and C. {Slezak} and S. {Rangan}}, booktitle={IEEE 20th International Workshop on Signal Processing Advances in Wireless Communications (SPAWC)}, title="{Power Efficient Discontinuous Reception in THz and mmWave Wireless Systems}", year={2019}, volume={}}

@ARTICLE{you2010cooperative, 
author={X. {You} and D. {Wang} and B. {Sheng} and X. {Gao} and X. {Zhao} and M. {Chen}}, journal={IEEE Wireless Communications}, title="{Cooperative distributed antenna systems for mobile communications [Coordinated and Distributed MIMO]}", year={2010}, volume={17}, number={3}, pages={35-43},
month={June}}

@inproceedings{rebato2016understanding,
  title={{Understanding noise and interference regimes in 5G millimeter-wave cellular networks}},
  author={Rebato, Mattia and Mezzavilla, Marco and Rangan, Sundeep and Boccardi, Federico and Zorzi, Michele},
  booktitle={22th European Wireless Conference},
  year={2016},
}

@inproceedings{boban2016design,
  title="{Design aspects for 5G V2X physical layer}",
  author={Boban, Mate and Manolakis, Konstantinos and Ibrahim, Mohamed and Bazzi, Samer and Xu, Wen},
  booktitle={IEEE Conference on Standards for Communications and Networking (CSCN)},
  year={2016},
}

@article{mecklenbrauker2011vehicular,
  title={{Vehicular channel characterization and its implications for wireless system design and performance}},
  author={Mecklenbrauker, Christoph F and Molisch, Andreas F and Karedal, Johan and Tufvesson, Fredrik and Paier, Alexander and Bernad{\'o}, Laura and Zemen, Thomas and Klemp, Oliver and Czink, Nicolai},
  journal={Proceedings of the IEEE},
  volume={99},
  number={7},
  pages={1189--1212},
  year={2011},
  month={Feb}
}

@INPROCEEDINGS{wei2018initial,
author={L. Wei and Q. C. Li and G. Wu},
booktitle={International Conference on Computing, Networking and Communications (ICNC)},
title={{Initial Access Techniques for 5G NR: Omni/Beam SYNC and RACH designs}},
year={2018},
pages={249-253},
keywords={5G mobile communication;Conferences;Planar arrays;Receiving antennas;Synchronization;Initial access;beamforming;millimeter wave;random access;uniform planar array},
doi={10.1109/ICCNC.2018.8390325},
ISSN={},
month={March},}

@INPROCEEDINGS{perales2018adevaluation,
author={B. {Coll-Perales} and M. {Gruteser} and J. {Gozalvez}},
booktitle={2018 IEEE Wireless Communications and Networking Conference Workshops (WCNCW)},
title={Evaluation of IEEE 802.11ad for mmWave V2V communications},
year={2018},
volume={},
number={},
pages={290-295},
keywords={array signal processing;telecommunication control;vehicular ad hoc networks;wireless LAN;mmWave V2V communications;autonomous vehicles;rich sensor data;current V2X standards;high bandwidth vehicular communications;IEEE 802.11ad MAC;ITS-G5-DSRC communications;Medium Access Control;beamforming mechanism;Array signal processing;Diffusion tensor imaging;Conferences;Bandwidth;Transmitting antennas;5G mobile communication;mmWave;IEEE 802.11ad;autonomous vehicles;connected vehicles;MAC;V2V;vehicular communications},
doi={10.1109/WCNCW.2018.8369031},
ISSN={},
month={April},}


@article{heath2016overview,
  title={{An overview of signal processing techniques for millimeter wave MIMO systems}},
  author={Heath, Robert W and Gonzalez-Prelcic, Nuria and Rangan, Sundeep and Roh, Wonil and Sayeed, Akbar M},
  journal={IEEE journal of selected topics in signal processing},
  volume={10},
  number={3},
  pages={436--453},
  year={2016},
  month={Feb}
}

@ARTICLE{kumari2018radar,
author={P. {Kumari} and J. {Choi} and N. {González-Prelcic} and R. W. {Heath}},
journal={IEEE Transactions on Vehicular Technology},
title="{IEEE 802.11ad-Based Radar: An Approach to Joint Vehicular Communication-Radar System}",
year={2018},
volume={67},
number={4},
pages={3012-3027},
keywords={channel estimation;interference suppression;millimetre wave communication;mobile radio;multiplexing;probability;radar detection;radar interference;radar receivers;road vehicle radar;synchronisation;wireless LAN;joint vehicular communication-radar system;millimeter-wave radar;adaptive cruise control;long-range radar applications;single-carrier physical layer frame;Golay complementary sequences;automotive radar;local area network standard;vehicle-to-vehicle communication;LRR applications;duplex radar operation;multiframe radar receiver algorithms;velocity estimation;time-frequency synchronization techniques;single-target scenario;vehicle separation distance;unlicensed band;correlation properties;radar processing algorithms;mmWave vehicular communication system;channel estimation;IEEE 802.11ad receiver;IEEE 802.11ad-based radar;frequency 60.0 GHz;Radar applications;OFDM;Automotive engineering;Wireless LAN;Estimation;Channel estimation;Automotive radar;IEEE 802.11ad;millimeter wave communication;millimeter wave radar;performance analysis;vehicular communications},
doi={10.1109/TVT.2017.2774762},
ISSN={0018-9545},
month={April},}

@article{raghavan2018statistical,
  title={{Statistical blockage modeling and robustness of beamforming in millimeter wave systems}},
  author={Raghavan, Vasanthan and Akhoondzadeh-Asl, Lida and Podshivalov, Vladimir and Hulten, Joakim and Tassoudji, M Ali and Koymen, Ozge Hizir and Sampath, Ashwin and Li, Junyi},
  journal={arXiv preprint arXiv:1801.03346},
  year={2018}
}

@article{rusek2013scaling,
  title={{Scaling up MIMO: Opportunities and challenges with very large arrays}},
  author={Rusek, Fredrik and Persson, Daniel and Lau, Buon Kiong and Larsson, Erik G and Marzetta, Thomas L and Edfors, Ove and Tufvesson, Fredrik},
  journal={IEEE signal processing magazine},
  volume={30},
  number={1},
  pages={40--60},
  year={2013},
  publisher={IEEE}
}

@ARTICLE{yang2018digital,
author={B. Yang and Z. Yu and J. Lan and R. Zhang and J. Zhou and W. Hong},
journal={IEEE Transactions on Microwave Theory and Techniques},
title={{Digital Beamforming-Based Massive MIMO Transceiver for 5G Millimeter-Wave Communications}},
year={2018},
volume={66},
number={7},
pages={3403-3418},
keywords={Antenna arrays;Array signal processing;MIMO communication;Millimeter wave circuits;Millimeter wave communication;Transceivers;Digital beamforming (DBF);fifth-generation (5G) communication;massive multiple-input multiple-output (MIMO);millimeter-wave;multibeam system;transceiver},
doi={10.1109/TMTT.2018.2829702},
ISSN={0018-9480},
month={July},}

@article{valdes2010fully,
  title={{A fully integrated 16-element phased-array transmitter in SiGe BiCMOS for 60-GHz communications}},
  author={Valdes-Garcia, Alberto and Nicolson, Sean T and Lai, Jie-Wei and Natarajan, Arun and Chen, Ping-Yu and Reynolds, Scott K and Zhan, Jing-Hong Conan and Kam, Dong G and Liu, Duixian and Floyd, Brian},
  journal={IEEE journal of solid-state circuits},
  volume={45},
  number={12},
  pages={2757--2773},
  year={2010},
  publisher={IEEE}
}

@inproceedings{vieira2014flexible,
  title={{A flexible 100-antenna testbed for massive MIMO}},
  author={Vieira, Joao and Malkowsky, Steffen and Nieman, Karl and Miers, Zachary and Kundargi, Nikhil and Liu, Liang and Wong, Ian and {\"O}wall, Viktor and Edfors, Ove and Tufvesson, Fredrik},
  booktitle={IEEE GLOBECOM Workshops},
  pages={287--293},
  year={2014}
}

@inproceedings{xia2008multi,
  title={{Multi-stage iterative antenna training for millimeter wave communications}},
  author={Xia, Pengfei and Yong, Su-Khiong and Oh, Jisung and Ngo, Chiu},
  booktitle={Global Telecommunications Conference, 2008. IEEE GLOBECOM 2008. IEEE},
  year={2008}
}


@article{boers201416tx,
  title={{A 16TX/16RX 60 {GHz} 802.11 ad chipset with single coaxial interface and polarization diversity}},
  author={Boers, Michael and Afshar, Bagher and Vassiliou, Iason and Sarkar, Saikat and Nicolson, Sean T and Adabi, Ehsan and Perumana, Bevin George and Chalvatzis, Theodoros and Kavvadias, Spyros and Sen, Padmanava and others},
  journal={IEEE journal of solid-state circuits},
  volume={49},
  number={12},
  pages={3031--3045},
  year={2014},
  publisher={IEEE}
}

@article{cohen2013cmos,
  title={{A CMOS bidirectional 32-element phased-array transceiver at 60 {GHz} with LTCC antenna}},
  author={Cohen, Emanuel and Ruberto, Mark and Cohen, Moshik and Degani, Ofir and Ravid, Shmuel and Ritter, Dan},
  journal={IEEE Transactions on Microwave Theory and Techniques},
  volume={61},
  number={3},
  pages={1359--1375},
  year={2013},
  publisher={IEEE}
}

@article{patterson201260,
  title={{A 60-GHz active receiving switched-beam antenna array with integrated butler matrix and GaAs amplifiers}},
  author={Patterson, Chad E and Khan, Wasif Tanveer and Ponchak, George E and May, Gary S and Papapolymerou, John},
  journal={IEEE Transactions on Microwave Theory and Techniques},
  volume={60},
  number={11},
  pages={3599--3607},
  year={2012},
  publisher={IEEE}
}

        @ARTICLE{kutti2016beamforming,
author={S. Kutty and D. Sen},
journal=IEEE_O_CSTO,
title={{Beamforming for Millimeter Wave Communications: An Inclusive Survey}},
year={2016},
volume={18},
number={2},
pages={949-973},
keywords={MIMO communication;antenna arrays;array signal processing;millimetre wave propagation;telecommunication traffic;antenna beamforming;millimeter wave beamforming;millimeter wave communications;radiofrequency system design;wireless data traffic;Array signal processing;Arrays;Millimeter wave communication;Receiving antennas;Beam Switching;Codebook;Compressed Sensing;Hybrid Beamforming;Massive MIMO;Numerical Search;Phased Array;Phased array;beam switching;codebook;compressed sensing;hybrid beamforming;massive MIMO;numerical search},
ISSN={1553-877X},
month={Second quarter},}

@INPROCEEDINGS{abbas2016towards,
author={W. B. Abbas and M. Zorzi},
booktitle={22th European Wireless Conference},
title={{Towards an Appropriate Receiver Beamforming Scheme for Millimeter Wave Communication: A Power Consumption Based Comparison}},
year={2016},
month={May},}

@misc{38211,
  author = "{3GPP}",
  title = "{NR - Physical channels and modulation
 - Release 15}",
  Howpublished =  {TS 38.211, V15.0.0},

  year = {2018},
}

@ARTICLE{liu2018initial,
author={J. Liu and K. Au and A. Maaref and J. Luo and H. Baligh and H. Tong and A. Chassaigne and J. Lorca},
journal=IEEE_M_COM,
title={{Initial Access, Mobility, and User-Centric Multi-Beam Operation in 5G New Radio}},
year={2018},
volume={56},
number={3},
pages={35-41},
keywords={5G mobile communication;cellular radio;interference suppression;mobility management (mobile radio);quality of service;radio access networks;radiofrequency interference;synchronisation;5G new radio wireless access;5G radio access networks;NR system multibeam operation;cell-centric radio access;diverse use case scenarios;expected dense deployments;flexible beam;initial access procedures;inter-cell mobility;random access;seamless intra-intercell handover;seamless mobility;ubiquitous end-user experience;user-centric coordinated transmission mechanisms;user-centric multibeam operation;user-centric radio access;5G mobile communication;Amplitude modulation;Computer architecture;Long Term Evolution;Microprocessors;OFDM;Synchronization},
doi={10.1109/MCOM.2018.1700827},
ISSN={0163-6804},
month={March},}

@ARTICLE{onggosanusi2018modular,
author={E. Onggosanusi and M. S. Rahman and L. Guo and Y. Kwak and H. Noh and Y. Kim and S. Faxer and M. Harrison and M. Frenne and S. Grant and R. Chen and R. Tamrakar and a. Q. Gao},
journal=IEEE_M_COM,
title={{Modular and High-Resolution Channel State Information and Beam Management for 5G New Radio}},
year={2018},
volume={56},
number={3},
pages={48-55},
keywords={4G mobile communication;5G mobile communication;Long Term Evolution;MIMO communication;cellular radio;3GPP;5G New Radio;base station;beam management procedures;high-resolution spatial information feedback;modular design framework;user equipment;5G mobile communication;Array signal processing;Discrete Fourier transforms;Long Term Evolution;MIMO communication;Throughput;Wideband},
doi={10.1109/MCOM.2018.1700761},
ISSN={0163-6804},
month={March},}

@misc{37340,
  author = "{3GPP}",
  title = "{NR -  Multi-connectivity - Overall description (Stage 2)}",
  Howpublished =  {TS 37.340},

  year = {2018},
}

@misc{38801,
  author = "{3GPP}",
  title = "{{Study on new radio access technology: Radio access architecture and interfaces}}",
  Howpublished =  {TR 38.801},

  year = {2017},
}

@misc{36300,
  author = "{3GPP}",
  title = "{Evolved Universal Terrestrial Radio Access (E-UTRA) and Evolved Universal Terrestrial Radio Access Network (E-UTRAN); Overall description; Stage 2}",
  howpublished = {TS 36.300},
  year = {2018}
}


@misc{38214,
  author = "{3GPP}",
  title = "{NR - Physical layer procedures for data
 - Release 15}",
  Howpublished =  {TS 38.214},

  year = {2018},
}

@misc{38213,
  author = "{3GPP}",
  title = "{NR - Physical layer procedures for control
 - Release 15}",
  Howpublished =  {TS 38.213},

  year = {2018},
}



@misc{38331,
  author = "{3GPP}",
  title = "{NR - Radio Resource Control (RRC) protocol specification - Release 15}",
  Howpublished =  {TS 38.331},

  year = {2018},
}


@misc{sony2016synch,
  author = "{3GPP}",
  title = "{Consideration on synchronization for NR}",
  Howpublished =  {Sony  - Tdoc R1-166653},

  year = {2016},
}

@misc{ericsson2017CSI,
  author = "{3GPP}",
  title = "{Measurement configuration for CSI-RS}",
  Howpublished =  {Ericsson  - Tdoc R2-1704103},
  year = {2017},
}

@misc{ericsson2017RLF,
  author = "{3GPP}",
  title = "{Relation between radio link failure and beam failure}",
  Howpublished =  {Ericsson  - Tdoc R1-1705917},
  year = {2017},
}

@misc{ericsson2017RLFactions,
  author = "{3GPP}",
  title = "{Beam failure detection and beam recovery actions}",
  Howpublished =  {Ericsson  - Tdoc R1-1705893},
  year = {2017},
}




@misc{ericsson2017cellquality,
  author = "{3GPP}",
  title = "{Details of cell quality derivation}",
  Howpublished =  {Ericsson  - Tdoc R2-1704101},
  year = {2017},
}

@misc{ericsson2017rach,
  author = "{3GPP}",
  title = "{Discussion on NR 4-Step Random Access Procedure}",
  Howpublished =  {Ericsson  - Tdoc R1-1718052},
  year = {2017},
}

@misc{samsung2017,
  author = "{3GPP}",
  title = "{Discussion on s-Measure Considering NR-SS and CSI-RS}",
  Howpublished =  {Samsung  - Tdoc R2-1705598},
  year = {2017},
}

@misc{huawei2017beam,
  author = "{3GPP}",
  title = "{Measurement configuration and reporting considering additional RS}",
  Howpublished =  {Huawei  - Tdoc R2-1703387},
  year = {2017},
}

@misc{ZTE2017beammanagement,
  author = "{3GPP}",
  title = "{Consideration on CSI RS for beam management}",
  Howpublished =  {ZTE Corporation  - Tdoc R2-1708123},
  year = {2017},
}

@ARTICLE{naik2019ieee,
author={G. {Naik} and B. {Choudhury} and J. {Park}},
journal={IEEE Access},
title={{IEEE 802.11bd 5G NR V2X: Evolution of Radio Access Technologies for V2X Communications}},
year={2019},
volume={7},
pages={70169-70184},
keywords={mobile radio;quality of service;radio access networks;road safety;road vehicles;vehicular ad hoc networks;IEEE 802.11bd;radio access technologies;V2X Communications;low-latency vehicular communications;present-day technologies;day-1 vehicular applications;communication requirements;advanced vehicular applications;fully autonomous vehicles;NR V2X;vehicular sensors;present-day vehicular RATs;RAT evolutions;Rats;Vehicle-to-everything;3GPP;Communication channels;5G mobile communication;Reliability;C-V2X;DSRC;IEEE 802.11bd;NR V2X},
doi={10.1109/ACCESS.2019.2919489},
ISSN={2169-3536},
month={May},}



@misc{RP193231,
  author = "{3GPP}",
  title = "{NR Sidelink enhancement}",
  Howpublished =  {RP-193231},
  year = {2019},
}



@misc{huawei2017measurement,
  author = "{3GPP}",
  title = "{Measurement reporting for NR SS and CSI-RS		}",
  Howpublished =  {Huawei  - Tdoc R2-1708703},
  year = {2017},
}

@misc{moto2017ss,
  author = "{3GPP}",
  title = "{Discussion on remaining issues of SS block and SS burst set}",
  Howpublished =  {Motorola Mobility, Lenovo - Tdoc R1-1714212},

  year = {2017},
}

@misc{samsung2017periodicity,
  author = "{3GPP}",
  title = "{NR CSI-RS configuration for RRM measurement}",
  Howpublished =  {Samsung - Tdoc R2-1709593},
  year = {2017},
}


@misc{nokia2017ss,
  author = "{3GPP}",
  title = "{SS burst periodicity for initial cell selection in NR}",
  Howpublished =  {Nokia, Alcatel-Lucent Shanghai Bell - Tdoc R4-1705123},

  year = {2017},
}


@misc{huawei2017subcarrier,
  author = "{3GPP}",
  title = "{Reply LS on subcarrier spacing and carrier frequencies}",
  Howpublished =  {Huawei  - Tdoc R1-1704178},
  year = {2017},
}

@misc{samsung2016framework,
  author = "{3GPP}",
  title = "{Framework for beamformed access}",
  Howpublished =  {Samsung - Tdoc R1-164013},
  year = {2016},
}

@misc{ericsson2017review,
  author = "{Ericsson}",
  title = "{5G New Radio: designing for the future}",
  howpublished = {Ericsson Technology Review},
  year = {2017}
}

@misc{qualcomm2017csi,
  author = "{3GPP}",
  title = "{Discussion on CSI-RS Design}",
  Howpublished =  {Qualcomm - Tdoc R1-1718546},
  year = {2017},
}

@misc{huawei2017summary,
  author = "{3GPP}",
  title = "{Summary of offline discussions on CSI-RS}",
  Howpublished =  {Huawei, HiSilicom - Tdoc R1-1718947},
  year = {2017},
}

@ARTICLE{jeong2015random,
author={C. Jeong and J. Park and H. Yu},
journal=IEEE_M_COM,
title={Random access in millimeter-wave beamforming cellular networks: issues and approaches},
year={2015},
volume={53},
number={1},
pages={180-185},
keywords={5G mobile communication;array signal processing;cellular radio;indoor radio;millimetre wave antenna arrays;wireless LAN;wireless channels;5G cellular networks;IEEE 802.11ad;RACH;antenna arrays;channel measurement campaigns;frequency spectrum;high beamforming gains;indoor applications;millimeter-wave beamforming cellular networks;millimeter-wave cellular communications;mobile communication systems;nonline-of-sight channels;point-to-point wireless backhaul solutions;radio system;random access channel;saturation point;transmit-receive beam pair;5G mobile communication;Antenna arrays;Array signal processing;Handover;Millimeter wave communication;Random access memory;Receivers;Transmitting antennas;Uplink},
doi={10.1109/MCOM.2015.7010532},
ISSN={0163-6804},
month={January},}

@ARTICLE{polese2017jsac,
author={M. Polese and M. Giordani and M. Mezzavilla and S. Rangan and M. Zorzi},
journal=IEEE_J_JSAC,
title="{Improved Handover Through Dual Connectivity in 5G mmWave Mobile Networks}",
year={2017},
volume={35},
number={9},
pages={2069-2084},
keywords={5G mobile communication;transport protocols;5G cellular systems;5G mmWave mobile networks;channel quality;dual connectivity;dual connectivity protocol;fifth-generation cellular systems;handover mechanisms;medium access control;millimeter wave bands;mmWave bands;mmWave link;path switching;physical layer connections;radio link control;transport protocols;5G mobile communication;Handover;Long Term Evolution;Robustness;Switches;5G;blockage;handover;millimeter wave;mobility;multi-connectivity},
doi={10.1109/JSAC.2017.2720338},
ISSN={0733-8716},
month={Sept},}



@ARTICLE{giordani2016efficient,
author={M. Giordani and M. Mezzavilla and S. Rangan and M. Zorzi},
journal=IEEE_J_WCOM,
title={{An Efficient Uplink Multi-Connectivity Scheme for 5G mmWave Control Plane Applications}},
year={2018},
url = {https://arxiv.org/abs/1610.04836},
keywords={Robustness;Handover;5G mobile communication;Wireless communication;Uplink;Monitoring;5G;millimeter wave;multi-connectivity;initial access;handover;blockage;beam tracking},
doi={10.1109/TWC.2018.2864650},
ISSN={1536-1276},
month={},}


@article{giordani2018standalone,
author={M. {Giordani} and M. {Polese} and A. {Roy} and D. {Castor} and M. {Zorzi}},
journal=IEEE_M_COM,
title="{Standalone and Non-Standalone Beam Management for 3GPP NR at mmWaves}",
year={2019},
volume={57},
number={4},
pages={123-129},
keywords={3G mobile communication;cellular radio;millimetre wave communication;quality of service;telecommunication network management;beam selection;end-to-end performance;quality of service;beam management procedures;network control operations;nonstandalone beam management system;3GPP NR;next generation of cellular networks;propagation loss;Long Term Evolution;3GPP;5G mobile communication;OFDM;Computer architecture;Antenna arrays;Next generation networking},
doi={10.1109/MCOM.2019.1800384},
ISSN={0163-6804},
month={April},}

@ARTICLE{boccardi2014five,
author={F. Boccardi and R. W. Heath and A. Lozano and T. L. Marzetta and P. Popovski},
journal=IEEE_M_COM,
title={{Five disruptive technology directions for 5G}},
year={2014},
volume={52},
number={2},
pages={74-80},
month={February},}

@ARTICLE{rangan2017potentials,
author={S. Rangan and T. S. Rappaport and E. Erkip},
journal={Proceedings of the IEEE},
title={{Millimeter-Wave Cellular Wireless Networks: Potentials and Challenges}},
year={2014},
volume={102},
number={3},
pages={366-385},
month={March},}

@article{lu2012modeling,
  title={{Modeling human blockers in millimeter wave radio links}},
  author={Lu, Jonathan S and Steinbach, Daniel and Cabrol, Patrick and Pietraski, Philip},
  journal={ZTE Communications},
  volume={10},
  number={4},
  pages={23--28},
  year={2012},
  publisher={Zhongxing Telecommunications Equipment Communications, 450 Rongshida Ave Hefei China}
}

@article{rappaport2013millimeter,
  title={{Millimeter wave mobile communications for 5G cellular: It will work!}},
  author={Rappaport, Theodore S and Sun, Shu and Mayzus, Rimma and Zhao, Hang and Azar, Yaniv and Wang, Kevin and Wong, George N and Schulz, Jocelyn K and Samimi, Mathew and Gutierrez, Felix},
  journal={IEEE access},
  volume={1},
  pages={335--349},
  year={2013},
  publisher={IEEE}
}


@article{sommer2011bidirectionally,
  author = {Sommer, Christoph and German, Reinhard and Dressler, Falko},
  title = {{Bidirectionally Coupled Network and Road Traffic Simulation for Improved IVC Analysis}},
  issn = {1536-1233},
  journal = {IEEE Transactions on Mobile Computing},
  month = {January},
  number = {1},
  pages = {3--15},
  publisher = {IEEE},
  volume = {10},
  year = {2011},
}

@inproceedings{schunemann2008novel,
  title={{A novel approach for realistic emulation of vehicle-2-x communication applications}},
  author={Schunemann, Bjorn and Massow, Kay and Radusch, Ilja},
  booktitle={IEEE Vehicular Technology Conference},
  pages={2709--2713},
  year={2008},
}


@ARTICLE{zugno2019towards,
  title={{Towards Standardization of Millimeter Wave Vehicle-to-Vehicle Networks: Open Challenges and Performance Evaluation}},
  author={T. Zugno and M. Drago and M. Giordani and M. Polese and M. Zorzi},
  journal={Submitted to IEEE Communications Magazine},
  url={https://arxiv.org/abs/1910.00300},
  year={2020}
}

@INPROCEEDINGS{giordani2017tracking,
author={M. Giordani and M. Zorzi},
booktitle={ 16th Annual Mediterranean Ad Hoc Networking Workshop (Med-Hoc-Net)},
title={{Improved user tracking in 5G millimeter wave mobile networks via refinement operations}},
year={2017},
month={June},}

@inproceedings{giordani2016comparative,
  title={{Comparative analysis of initial access techniques in 5G mmWave cellular networks}},
  author={Giordani, Marco and Mezzavilla, Marco and Barati, C Nicolas and Rangan, Sundeep and Zorzi, Michele},
  booktitle={Information Science and Systems (CISS), 2016 Annual Conference on},
  pages={268--273},
  year={2016},
  organization={IEEE}
}

@inproceedings{boban2016evolution,
author={M. {Boban} and X. {Gong} and W. {Xu}},
booktitle={IEEE 84th Vehicular Technology Conference (VTC-Fall)},
title="{Modeling the Evolution of Line-of-Sight Blockage for V2V Channels}",
year={2016},
volume={},
number={},
keywords={curve fitting;Markov processes;mobility management (mobile radio);probability;road vehicles;vehicular ad hoc networks;line-of-sight blockage;LOS blockage analysis;vehicle-to-vehicle channels;V2V channels;vehicular mobility;foliage locations;LOS probabilities;vehicular densities;three-state discrete-time Markov chain;mobile objects;state transition probabilities;curve fitting;distance-dependent equations;highway environments;Hidden Markov models;Urban areas;Markov processes;Roads;Buildings;Mobile communication},
doi={10.1109/VTCFall.2016.7881090},
ISSN={null},
month={Sep.},}


@article{giordani2016initial,
  title={{Initial access in 5G mmWave cellular networks}},
  author={Giordani, Marco and Mezzavilla, Marco and Zorzi, Michele},
  journal=IEEE_M_COM,
  volume={54},
  number={11},
  pages={40--47},
  year={2016},
  publisher={IEEE},
  month={November}
}

@ARTICLE{mason2020adaptive,
  author={F. {Mason} and M. {Giordani} and F. {Chiariotti} and A. {Zanella} and M. {Zorzi}},
  journal=IEEE_J_WCOM, 
  title={{An Adaptive Broadcasting Strategy for Efficient Dynamic Mapping in Vehicular Networks}}, 
  year={2020},
  volume={Early Access},}




@article{cisco2017,
  title={{Cisco Visual Networking Index: Global Mobile Data Traffic Forecast Update, 2016–2021}},
  author={Cisco},
  journal={White Paper},
  year={2017},
  month={March}
}

@article{usdt,
  title={{Notice of Request for Comments: V2X Communications}},
  author={{US Department of Transportation}},
  year={2018},
  url={https://www.federalregister.gov/documents/2018/12/26/2018-27785/notice-of-request-for-comments-v2x-communications}
}


@article{pi2011introduction,
  title={{An introduction to millimeter-wave mobile broadband systems}},
  author={Pi, Zhouyue and Khan, Farooq},
  journal=IEEE_M_COM,
  volume={49},
  number={6},
  month={June},
  year={2011},
  publisher={IEEE}
}


@article{latencyreduction2017,
  title={{Latency Reduction toward 5G}},
  author={ Takeda, Kazuki and Wang, Li Hui, and  Nagata, Satoshi},
  journal={IEEE Wireless Communications},
year={2017},
volume={24},
number={3},
pages={2-4},
month = {June},
  publisher={IEEE}
}
}


@ARTICLE{nitsche201460ghz,
author={Nitsche, T. and Cordeiro, C. and Flores, A.B. and Knightly, E.W. and Perahia, E. and Widmer, J.C.},
journal=IEEE_M_COM,
title={{IEEE 802.11ad: directional 60 {GHz} communication for multi-Gigabit-per-second Wi-Fi [Invited Paper]}},
year={2014},
volume={52},
number={12},
pages={132-141},
keywords={millimetre wave propagation;wireless LAN;IEEE 802.11ad;consumer wireless communication;directional communication;millimeter wave band;multigigabit-per-second WiFi;Directive antennas;IEEE 802.11 Standards;Millimeter wave technology;OFDM;Throughput;Wireless communication},
doi={10.1109/MCOM.2014.6979964},
ISSN={0163-6804},
month={December},}

@inproceedings{an2010neighbor,
  title={Neighbor discovery in 60 {GHz} wireless personal area networks},
  author={An, Xueli and Prasad, R Venkatesha and Niemegeers, Ignas},
  booktitle={ IEEE International Symposium on a World of Wireless Mobile and Multimedia Networks (WoWMoM)},
  year={2010},
  organization={IEEE}
}

@article{wang2009beam,
  title={{Beam codebook based beamforming protocol for multi-Gbps millimeter-wave WPAN systems}},
  author={Wang, Junyi},
  journal=IEEE_J_JSAC,
  volume={27},
  number={8},
  pages={1390-1399},
  month={October},
  year={2009},
  publisher={IEEE}
}
@INPROCEEDINGS{santosa2006adhoc,
author={Santosa, R.A. and Bu-Sung Lee and Chai Kiat Yeo and Teck Meng Lim},
booktitle={The Sixth IEEE International Conference on Computer and Information Technology},
title={{Distributed Neighbor Discovery in Ad Hoc Networks Using Directional Antennas}},
year={2006},
pages={97-97},
keywords={Ad hoc networks;Algorithm design and analysis;Analytical models;Computer networks;Directional antennas;Directive antennas;Distributed computing;Interference;Performance analysis;Routing},
doi={10.1109/CIT.2006.82},
month={Sept}}

@article{jeong2015random,
  title={{Random access in millimeter-wave beamforming cellular networks: issues and approaches}},
  author={Jeong, Cheol and Park, Jeongho and Yu, Hyunkyu},
  journal=IEEE_M_COM,
  volume={53},
  number={1},
  pages={180--185},
  year={2015},
  publisher={IEEE}
}

@article{barati2015directional,
  title={{Directional cell discovery in millimeter wave cellular networks}},
  author={Barati, C Nicolas and Hosseini, S Amir and Rangan, Sundeep and Liu, Pei and Korakis, Thanasis and Panwar, Shivendra S and Rappaport, Theodore S},
  journal=IEEE_J_WCOM,
  volume={14},
  number={12},
  pages={6664--6678},
  month={December},
  year={2015},
  publisher={IEEE}
}

@inproceedings{barati2015directionalasilomar,
  title={{Directional initial access for millimeter wave cellular systems}},
  author={Barati, C Nicolas and Hosseini, S Amir and Mezzavilla, Marco and Amiri-Eliasi, Parisa and Rangan, Sundeep and Korakis, Thanasis and Panwar, Shivendra S and Zorzi, Michele},
  booktitle={ 49th Asilomar Conference on Signals, Systems and Computers},
  pages={307--311},
  year={2015},
  organization={IEEE}
}

@inproceedings{desai2014initial,
  title={{Initial beamforming for mmWave communications}},
  author={Desai, Vip and Krzymien, Lukasz and Sartori, Philippe and Xiao, Weimin and Soong, Anthony and Alkhateeb, Ahmed},
  booktitle={48th Asilomar Conference on Signals, Systems and Computers},
  pages={1926--1930},
  year={2014},
}

@article{choi2015beam,
  title={{Beam selection in mm-Wave multiuser MIMO systems using compressive sensing}},
  author={Choi, Jinho},
  journal={IEEE Transactions on Communications},
  volume={63},
  number={8},
  pages={2936--2947},
  year={2015},
  month={August},
  publisher={IEEE}
}

@inproceedings{li2013anchor,
  title={{Anchor-booster based heterogeneous networks with mmWave capable booster cells}},
  author={Li, Qian Clara and Niu, Huaning and Wu, Geng and Hu, Rose Qingyang},
  booktitle={IEEE Globecom Workshops },
  pages={93--98},
  year={2013},
  organization={IEEE}
}

@inproceedings{capone2015context,
  title={{Context information for fast cell discovery in mm-wave 5G networks}},
  author={Capone, Antonio and Filippini, Ilario and Sciancalepore, Vincenzo},
  booktitle={21th European Wireless Conference; Proceedings of European Wireless },
  year={2015},
}

@inproceedings{capone2015obstacle,
  title={{Obstacle avoidance cell discovery using mm-waves directive antennas in 5G networks}},
  author={Capone, Antonio and Filippini, Ilario and Sciancalepore, Vincenzo and Tremolada, Denny},
  booktitle={ IEEE 26th Annual International Symposium on Personal, Indoor, and Mobile Radio Communications (PIMRC)},
  pages={2349--2353},
  year={2015},
  organization={IEEE}
}

@inproceedings{abbas2016context,
  title={{Context information based initial cell search for millimeter wave 5G cellular networks}},
  author={Abbas, Waqas Bin and Zorzi, Michele},
  booktitle={ European Conference on Networks and Communications (EuCNC)},
  pages={111--116},
  year={2016},
  organization={IEEE}
}

@inproceedings{chandra2014adaptive,
  title={{Adaptive beamwidth selection for contention based access periods in millimeter wave WLANs}},
  author={Chandra, Kishor and Prasad, R Venkatesha and Niemegeers, Ignas GMM and Biswas, Abdur R},
  booktitle={ IEEE 11th Consumer Communications and Networking Conference (CCNC)},
  pages={458--464},
  year={2014},
  organization={IEEE}
}

@article{liu2016user,
  title={{User association in {5G} networks: A survey and an outlook}},
  author={Liu, Dantong and Wang, Lifeng and Chen, Yue and Elkashlan, Maged and Wong, Kai-Kit and Schober, Robert and Hanzo, Lajos},
  journal=IEEE_O_CSTO,
  volume={18},
  number={2},
  pages={1018--1044},
  year={2016},
  month={Second Quarter},
  publisher={IEEE}
}

@inproceedings{schwarz2010calculation,
  title={{Calculation of the spatial preprocessing and link adaption feedback for 3GPP UMTS/LTE}},
  author={Schwarz, Stefan and Mehlf{\"u}hrer, Christian and Rupp, Markus},
  booktitle={ 6th conference on Wireless advanced (WiAD)},
  year={2010},
  organization={IEEE}
}

@inproceedings{giordani2016channel,
  title={{Channel dynamics and SNR tracking in millimeter wave cellular systems}},
  author={Giordani, Marco and Mezzavilla, Marco and Dhananjay, Aditya and Rangan, Sundeep and Zorzi, Michele},
  booktitle={22th European Wireless Conference},
  year={2016},
  organization={VDE}
}

@inproceedings{palacios2017tracking,
  title={{Tracking mm-Wave channel dynamics: Fast beam training strategies under mobility}},
  author={Palacios, Joan and De Donno, Danilo and Widmer, Joerg},
  booktitle={Conference on Computer Communications (INFOCOM)},
  year={2017},
  organization={IEEE}
}

@inproceedings{giordani2016multi,
  title={{Multi-Connectivity in 5G mmwave cellular networks}},
  author={Giordani, Marco and Mezzavilla, Marco and Rangan, Sundeep and Zorzi, Michele},
  booktitle={15th Annual  Mediterranean Ad Hoc Networking Workshop (Med-Hoc-Net) },
  year={2016},
}

@inproceedings{polese2016performance,
  title={{Performance Comparison of Dual Connectivity and Hard Handover for LTE-5G Tight Integration}},
  author={Polese, Michele and Mezzavilla, Marco and Zorzi, Michele},
  booktitle={Proceedings of the 9th EAI International Conference on Simulation Tools and Techniques},
  pages={118--123},
  year={2016},
  organization={ICST (Institute for Computer Sciences, Social-Informatics and Telecommunications Engineering)}
}


@inproceedings{tesema2015mobility,
  title={{Mobility modeling and performance evaluation of multi-connectivity in 5G intra-frequency networks}},
  author={Tesema, Fasil B and Awada, Ahmad and Viering, Ingo and Simsek, Meryem and Fettweis, Gerhard P},
  booktitle={IEEE Globecom Workshops},
  year={2015},
  organization={IEEE}
}

@article{semiari2017caching,
author={O. Semiari and W. Saad and M. Bennis and B. Maham},
journal=IEEE_J_WCOM,
title="{Caching Meets Millimeter Wave Communications for Enhanced Mobility Management in 5G Networks}",
year={2018},
volume={17},
number={2},
pages={779-793},
keywords={cache storage;cellular radio;game theory;millimetre wave communication;mobile computing;mobility management (mobile radio);radiofrequency interference;5G networks;HOF;MUE;average handover failure;base stations;cached content;caching capabilities;device-level caching;distributed HO mechanism;dual-mode SBS;dual-mode network scenario;dynamic matching game;dynamic matching problem;dynamically stable HO policy;enhanced mobility management;fundamental results;handover failures;heterogeneous wireless networks;inter-frequency measurement energy consumption;joint mmwave-μW networks;limited cache sizes;macrocell base station;millimeter wave communications;mm-wave capabilities;mobile user equipments;mobility management problem;network constraints;transparent HO;Base stations;Energy consumption;Handover;Heuristic algorithms;Mobile radio mobility management;Wireless communication;Millimeter wave communications;game theory;resource allocation},
doi={10.1109/TWC.2017.2771419},
ISSN={1536-1276},
month={Feb},}

@article{prelcic2017millimeter,
author={N. Gonzalez-Prelcic and A. Ali and V. Va and R. W. Heath},
journal=IEEE_M_COM,
title="{Millimeter-Wave Communication with Out-of-Band Information}",
year={2017},
volume={55},
number={12},
pages={140-146},
keywords={millimetre wave antenna arrays;wireless channels;antenna arrays;frequency 6.0 GHz;frequency bands;frequent link reconfiguration;high mobility scenarios;leverage information;millimeter-wave communication;mmWave channel parameters;mmWave communication link;mmWave communication systems;out-of-band information;out-of-band signals;Antenna arrays;Arrays;Channel estimation;Correlation;MIMO communication;Radio frequency;Sensors},
doi={10.1109/MCOM.2017.1700207},
ISSN={0163-6804},
month={Dec.},
}

@ARTICLE{osseiran2014scenarios,
author={A. Osseiran and F. Boccardi and V. Braun and K. Kusume and P. Marsch and M. Maternia and O. Queseth and M. Schellmann and H. Schotten and H. Taoka and H. Tullberg and M. A. Uusitalo and B. Timus and M. Fallgren},
journal=IEEE_M_COM,
title={{Scenarios for 5G mobile and wireless communications: the vision of the METIS project}},
year={2014},
volume={52},
number={5},
pages={26-35},
keywords={4G mobile communication;antenna arrays;mobile antennas;standardisation;5G mobile;5G research direction;5G systems;EU flagship 5G project;METIS project;device-to-device communications;link level components;massive MIMO;massive machine communications;multiRAT;multilayer networks;multinode-multiantenna;radio access networks;spectrum handling;standardization;ultradense networks;ultrareliable communications;wireless communications;Broadband communication;Mobile communication;Next generation networking;Real-time systems;Sensors;Wireless communication},
doi={10.1109/MCOM.2014.6815890},
ISSN={0163-6804},
month={May},}

@ARTICLE{zaidi2016waveform,
author={A. A. Zaidi and R. Baldemair and H. Tullberg and H. Bjorkegren and L. Sundstrom and J. Medbo and C. Kilinc and I. Da Silva},
journal=IEEE_M_COM,
title="{Waveform and Numerology to Support 5G Services and Requirements}",
year={2016},
volume={54},
number={11},
pages={90-98},
keywords={3G mobile communication;5G mobile communication;MIMO communication;OFDM modulation;bandwidth allocation;channel allocation;next generation networks;radio access networks;3GPP;5G services;OFDM;carrier frequencies;large channel bandwidths;massive MIMO;next generation 5G radio access technology;symmetric physical layer design;5G mobile communication;Bandwidth;Long Term Evolution;MIMO;Peak to average power ratio;Telecommunication services},
doi={10.1109/MCOM.2016.1600336CM},
ISSN={0163-6804},
month={November},}

@misc{interdigital2017srs,
  author = "{3GPP}",
  title = "{Remaining issues on SRS}",
  Howpublished =  {InterDigital, Inc. - Tdoc R1-1716472},
  year = {2017},
}

@misc{catt2017srs,
  author = "{3GPP}",
  title = "{Discussion on remaining issues on SRS design}",
  Howpublished =  {CATT - Tdoc R1-1712386},
  year = {2017},
}

@article{akdeniz2014millimeter,
  title={{Millimeter wave channel modeling and cellular capacity evaluation}},
  author={Akdeniz, Mustafa Riza and Liu, Yuanpeng and Samimi, Mathew K and Sun, Shu and Rangan, Sundeep and Rappaport, Theodore S and Erkip, Elza},
  journal=IEEE_J_JSAC,
  volume={32},
  number={6},
  pages={1164--1179},
  month={June},
  year={2014},
  publisher={IEEE}
}

@article{bai2015coverage,
  title={{Coverage and rate analysis for millimeter-wave cellular networks}},
  author={Bai, Tianyang and Heath, Robert W},
  journal=IEEE_J_WCOM,
  volume={14},
  number={2},
  pages={1100--1114},
  month={February},
  year={2015},
  publisher={IEEE}
}


@ARTICLE{abbas2017adc,
author={W. B. Abbas and F. Gomez-Cuba and M. Zorzi},
journal=IEEE_J_WCOM,
title="{Millimeter Wave Receiver Efficiency: A Comprehensive Comparison of Beamforming Schemes With Low Resolution ADCs}",
year={2017},
volume={16},
number={12},
pages={8131-8146},
keywords={analogue-digital conversion;array signal processing;energy conservation;low-power electronics;mean square error methods;millimetre wave receivers;optimisation;power consumption;quantisation (signal);radio receivers;HC schemes;SE versus EE tradeoff;SE-EE weighted tradeoff;additive quantization noise model;analog-to-digital converters;comprehensive comparison;considered power consumption characteristic values;digital combining;highest power;low SNR;low resolution ADCs;millimeter wave receiver efficiency;millimeter wave receivers;mmW receiver;multiobjective utility optimization interpretation;performance analysis charts;power consumption;receiver components;stringent low power constraint;Array signal processing;Energy resolution;MIMO;Power demand;Radio frequency;Receiving antennas;Millimeter wave;analog beamforming;digital beamforming;energy efficiency;hybrid beamforming;low resolution ADCs;spectral efficiency},
doi={10.1109/TWC.2017.2757919},
ISSN={1536-1276},
month={Dec},}


@INPROCEEDINGS{rebato18,
AUTHOR="Mattia Rebato and Laura Resteghini and Christian Mazzucco and Michele Zorzi",
TITLE="Study of Realistic Antenna Patterns in {5G} mmWave Cellular Scenarios",
BOOKTITLE="IEEE ICC 2018 Communications QoS, Reliability, and Modeling Symposium
(ICC'18 CQRM)",
ADDRESS="Kansas City, USA",
DAYS=20,
MONTH=may,
YEAR=2018,
ABSTRACT="Large antenna arrays and millimeter-wave (mmWave) frequencies have been
attracting growing attention as possible candidates to meet the high
requirements of future 5G mobile networks. In view of the large path loss
attenuation in these bands, beamforming techniques that create a beam in
the direction of the user equipment are essential to perform the
transmission. For this purpose, in this paper, we aim at characterizing
realistic antenna radiation patterns, motivated by the need to properly
capture mmWave propagation behaviors and understand the achievable
performance in 5G cellular scenarios. In particular, we highlight how the
performance changes with the radiation pattern used. Consequently, we
conclude that it is crucial to use an accurate and realistic radiation
model for proper performance assessment and system dimensioning."
}

@inproceedings{rebato2016understanding,
  title="{Understanding Noise and Interference Regimes in 5G Millimeter-Wave Cellular Networks}",
  author={Rebato, Mattia and Mezzavilla, Marco and Rangan, Sundeep and Boccardi, Federico and Zorzi, Michele},
  booktitle={22th European Wireless Conference},
  year={2016},
}

@article{shim2014application,
  title={{Application of motion sensors for beam-tracking of mobile stations in mmWave communication systems}},
  author={Shim, Duk-Sun and Yang, Cheol-Kwan and Kim, Jae Hwan and Han, Joo Pyo and Cho, Yong Soo},
  journal={Sensors},
  volume={14},
  number={10},
  pages={19622--19638},
  year={2014},
  publisher={Multidisciplinary Digital Publishing Institute}
}

@misc{qualcomm2016frame,
  author = "{3GPP}",
  title = "{Frame structure requirements}",
  Howpublished =  {Qualcomm - Tdoc R1-162206},
  year = {2016},
}

@misc{oppo2017rach,
  author = "{3GPP}",
  title = "{Discussion on NR 4-Step Random Access Procedure}",
  Howpublished =  {OPPO - Tdoc R1-1718052},
  year = {2017},
}


@misc{ls2017prach,
  author = "{3GPP}",
  title = "{LS on NR PRACH BW Aspects}",
  Howpublished =  {Tdoc R1-1716814},
  year = {2017},
}

@misc{oppo2016frame,
  author = "{3GPP}",
  title = "{Pairing/Combining the two types of self-contained subframes}",
  Howpublished =  {OPPO - Tdoc R1-166612},
  year = {2016},
}

@misc{ericsson2016prach,
  author = "{3GPP}",
  title = "{NR PRACH preamble resource allocation}",
  Howpublished =  {Ericsson - Tdoc R1-1611905},
  year = {2016},
}

@ARTICLE{sun2014MIMO,
author={S. Sun and T. S. Rappaport and R. W. Heath and A. Nix and S. Rangan},
journal=IEEE_M_COM,
title={{MIMO for millimeter-wave wireless communications: beamforming, spatial multiplexing, or both?}},
year={2014},
volume={52},
number={12},
pages={110-121},
doi={10.1109/MCOM.2014.6979962},
ISSN={0163-6804},
month={December},}

@INPROCEEDINGS{dutta2017fully,
author={Sourjya Dutta and C. Nicolas Barati and Aditya Dhananjay and Sundeep Rangan},
booktitle={51st Asilomar Conference on Signals, Systems and Computers},
title="{5G Millimeter Wave Cellular System Capacity with Fully Digital Beamforming}",
year={2017},
month={Nov},}

@INPROCEEDINGS{yoo2005optimality,
author={Taesang Yoo and A. Goldsmith},
booktitle={IEEE International Conference on Communications (ICC)},
title="{Optimality of zero-forcing beamforming with multiuser diversity}",
year={2005},
volume={1},
pages={542-546},
keywords={MIMO systems;array signal processing;cellular radio;channel capacity;diversity reception;multiuser channels;MIMO downlink channels;asymptotic sum-rate capacity;channel capacity;dirty paper coding;multiuser diversity;optimality;performance;throughput;zero-forcing beamforming;Array signal processing;Base stations;Channel capacity;Downlink;H infinity control;MIMO;Mobile antennas;Throughput;Time division multiple access;Transmitters},
doi={10.1109/ICC.2005.1494410},
ISSN={1550-3607},
month={May},}

@article{giordani2018initial,
author={M. Giordani and M. Polese and A. Roy and D. Castor and M. Zorzi},
journal={{17th Annual Mediterranean Ad Hoc Networking Workshop (Med-Hoc-Net)}},
title={{Initial Access Frameworks for 3GPP NR at mmWave Frequencies}},
year={2018},
}


@article{giordani2018tutorial,
author={M. {Giordani} and M. {Polese} and A. {Roy} and D. {Castor} and M. {Zorzi}},
journal=IEEE_O_CSTO,
title="{A Tutorial on Beam Management for {3GPP} {NR} at mmWave Frequencies}",
year={2019},
volume={21},
number={1},
pages={173-196},
keywords={aircraft communication;cellular radio;directive antennas;mobility management (mobile radio);radiowave propagation;wireless channels;mmWave cellular network;severe free-space path loss;3GPP NR cellular network;robust control schemes;reactive;mobility management;beam tracking;handover;control layer procedures;precise alignment;wide area networks;highly directional antennas;base stations;atmospheric absorption;mmWave links;next-generation cellular mobile terminals;millimeter wave frequencies;beam management;Tutorials;3GPP;5G mobile communication;Array signal processing;Cellular networks;Long Term Evolution;Channel estimation;5G;NR;mmWave;beam management;initial access;tracking},
doi={10.1109/COMST.2018.2869411},
ISSN={},
month={Firstquarter},}

@misc{samsung2017ss,
  author = "{3GPP}",
  title = "{Remaining details on sync signals}",
  Howpublished =  {Samsung - Tdoc R1-1721434},
  year = {2017},
}

@inproceedings{akoum2012coverage,
  title={Coverage and capacity in mmWave cellular systems},
  author={Akoum, Salam and El Ayach, Omar and Heath, Robert W},
  booktitle={46th Asilomar Conference on Signals, Systems and Computers},
  pages={688--692},
  year={2012},
  organization={IEEE}
}

@inproceedings{wei2017exhaustive,
  title={{Exhaustive, Iterative and Hybrid Initial Access Techniques in mmWave Communications}},
  author={Wei, Lili and Li, Qian and Wu, Geng},
  booktitle={2017 IEEE Wireless Communications and Networking Conference (WCNC)},
  year={2017},
  organization={IEEE}
}



@ARTICLE{jayaprakasam2017robust,
author={S. Jayaprakasam and X. Ma and J. W. Choi and S. Kim},
journal={IEEE Communications Letters},
title={{Robust Beam-Tracking for mmWave Mobile Communications}},
year={2017},
volume={21},
number={12},
pages={2654-2657},
ISSN={1089-7798},
month={Dec},}

@ARTICLE{alkhateeb2017initial,
author={A. Alkhateeb and Y. H. Nam and M. S. Rahman and J. Zhang and R. W. Heath},
journal=IEEE_J_WCOM,
title={Initial Beam Association in Millimeter Wave Cellular Systems: Analysis and Design Insights},
year={2017},
volume={16},
number={5},
pages={2807-2821},
ISSN={1536-1276},
month={May},}

@ARTICLE{cacciapuoti2017mobility,
author={A. S. Cacciapuoti},
journal={IEEE Access},
title={{Mobility-Aware User Association for 5G mmWave Networks}},
year={2017},
volume={5},
pages={21497-21507},
ISSN={},
month={},}

@inproceedings{oueis2016uplink,
  title={Uplink traffic in future mobile networks: Pulling the alarm},
  author={Oueis, Jessica and Strinati, Emilio Calvanese},
  booktitle={International Conference on Cognitive Radio Oriented Wireless Networks},
  pages={583--593},
  year={2016},
  organization={Springer}
}

@article{li2017beamformed,
  title={{On the Beamformed Broadcast Signaling for Millimeter Wave Cell Discovery: Performance Analysis and Design Insight}},
  author={Li, Yilin and Luo, Jian and Castaneda, Mario and Stirling-Gallacher, Richard and Xu, Wen and Caire, Giuseppe},
  journal={arXiv preprint arXiv:1709.08483},
  year={2017}
}

@misc{37340,
author = {3GPP},
title = "{Evolved Universal Terrestrial Radio Access (E-UTRA) and NR; Multi-connectivity}",
Howpublished =  {TS 37.340 (Rel. 15)},
Year =          {2018},
Note =          {},
summary =       {}
}

@article{liu2018initial,
author={J. Liu and K. Au and A. Maaref and J. Luo and H. Baligh and H. Tong and A. Chassaigne and J. Lorca},
journal=IEEE_M_COM,
title="{Initial Access, Mobility, and User-Centric Multi-Beam Operation in 5G New Radio}",
year={2018},
volume={56},
number={3},
pages={35-41},
month={Mar},}

@article{onggosanusi2018modular,
author={E. Onggosanusi and M. S. Rahman and L. Guo and Y. Kwak and H. Noh and Y. Kim and S. Faxer and M. Harrison and M. Frenne and S. Grant and R. Chen and R. Tamrakar and a. Q. Gao},
journal=IEEE_M_COM,
title="{Modular and High-Resolution Channel State Information and Beam Management for 5G New Radio}",
year={2018},
volume={56},
number={3},
pages={48-55},
month={Mar},}

@misc{3GPP38913,
  author = "{3GPP}",
  title = "{TR 38.913, Study on Scenarios and Requirements for Next Generation Access Technologies, V14.1.0}",
  year = {2017},
}

@ARTICLE{gao2018low,
author={X. Gao and L. Dai and A. M. Sayeed},
journal=IEEE_M_COM,
title="{Low RF-Complexity Technologies to Enable Millimeter-Wave MIMO with Large Antenna Array for 5G Wireless Communications}",
year={2018},
volume={56},
number={4},
pages={211-217},
keywords={5G mobile communication;MIMO communication;millimetre wave antenna arrays;RF chains;academic communities;antenna array;industry communities;low RF-complexity technologies;microwave frequencies;millimeter-wave mimo;mmWave MIMO systems;mmWave frequencies;Antenna arrays;Array signal processing;Channel estimation;MIMO communication;Millimeter wave communication;Precoding;Radio frequency},
doi={10.1109/MCOM.2018.1600727},
ISSN={0163-6804},
month={APRIL},}

@INPROCEEDINGS{maccartney2017rapid,
author={G. R. MacCartney and T. S. Rappaport and S. Rangan},
booktitle={GLOBECOM 2017 - 2017 IEEE Global Communications Conference},
title={Rapid Fading Due to Human Blockage in Pedestrian Crowds at 5G Millimeter-Wave Frequencies},
year={2017},
volume={},
number={},
pages={1-7},
keywords={5G mobile communication;Markov processes;cellular radio;fading channels;millimetre wave antenna arrays;5G millimeter-wave frequencies;HPBW antennas;antenna patterns;dense urban environments;electrically-steerable beamwidth antenna arrays;fading channels;fifth-generation wireless systems;four-state piecewise linear modeling;frequency 1.0 GHz;frequency 73.5 GHz;human blockage;millimeter-wave communications systems;mmWave systems;narrow beamwidth antenna arrays;noise figure -5.0 dB;noise figure 11.5 dB;pedestrian crowds;pedestrians;peer- to-peer;real-world pedestrian blockage events;statistical channel models;time 260.2 ms;time 299.0 ms;two-state Markov model;Antenna measurements;Antennas;Attenuation;Bandwidth;Fading channels;Markov processes;Shadow mapping},
doi={10.1109/GLOCOM.2017.8254900},
ISSN={},
month={Dec},}


@ARTICLE{molisch2017hybrid,
author={A. F. Molisch and V. V. Ratnam and S. Han and Z. Li and S. L. H. Nguyen and L. Li and K. Haneda},
journal=IEEE_M_COM,
title="{Hybrid Beamforming for Massive MIMO: A Survey}",
year={2017},
volume={55},
number={9},
pages={134-141},
keywords={MIMO communication;antenna arrays;array signal processing;transceivers;CSI acquisition;channel state information;hybrid beamforming;hybrid multiple-antenna transceivers;lower-dimensional digital processing;massive MIMO system;millimeter-wave frequencies;signal-to-noise and interference ratio;training overhead;Antennas;Array signal processing;Baseband;MIMO communication;NIST;Radio frequency;Transceivers},
doi={10.1109/MCOM.2017.1600400},
ISSN={0163-6804},
month={September},}

@INPROCEEDINGS{li2016hybrid,
author={Z. Li and S. Han and A. F. Molisch},
booktitle={2016 IEEE International Conference on Communications (ICC)},
title="{Hybrid beamforming design for millimeter-wave multi-user massive MIMO downlink}",
year={2016},
volume={},
number={},
pages={1-6},
keywords={MIMO communication;array signal processing;frequency division multiplexing;matrix algebra;optimisation;precoding;statistical analysis;HDA beamforming structures;Kronecker channel model assumption;SLNR;conditional average net sum-rate maximization;digital precoder optimization design;hybrid analog-digital beamforming structures;hybrid beamforming design;intra-group effective channel;limited instantaneous channel state information;lower bound;massive multiple-input multiple-output systems;millimeter-wave multiuser massive MIMO downlink;multiuser frequency-division-duplexing;optimal analog combiner;receive correlation matrix;second-order channel statistics;two-stage beamformer design;user equipment;user grouping;Array signal processing;Downlink;Feeds;Interference;MIMO;Radio frequency;Training},
doi={10.1109/ICC.2016.7510845},
ISSN={},
month={May},}

@techreport{3gpp.38.901,
  author = {3GPP},
  institution = {3rd Generation Partnership Project (3GPP)},
  month = jan,
  note = {Version 16.1.0},
  number = {38.901},
  title = {Study on channel model for frequencies from 0.5 to 100 {GHz}},
  type = {Technical Report (TR)},
  year = {2020}
}


@INPROCEEDINGS{giordani2019pathloss,
author={M. Giordani and T. Shimizu and A. Zanella and T. Higuchi and O. Altintas and M. Zorzi},
booktitle={IEEE 2nd Connected and Automated Vehicles Symposium},
title="{Path Loss Models for V2V mmWave Communication: Performance Evaluation and Open Challenges}",
year={2019},
volume={},
number={},
pages={},
ISSN={},
month={September},}

@ARTICLE{wave.std,
author={{IEEE}},
journal={IEEE Std 1609.0-2013},
title="{IEEE Guide for Wireless Access in Vehicular Environments (WAVE) - Architecture}",
year={2014},
volume={},
keywords={electronic data interchange;IEEE standards;intelligent transportation systems;protocols;telecommunication security;vehicular ad hoc networks;wireless LAN;IEEE Std 802.11;IEEE Std 1609.12 identifier allocation;intelligent transportation systems;IEEE Std 1609.11 over-the-air electronic payment data exchange protocol;IEEE Std 1609.4 multichannel operation;IEEE Std 1609.3 networking service;management message;applications messages;IEEE standard security service;IEEE Std 1609.2TM;IEEE 1609 standard;mobile vehicular environment;WAVE service;WAVE architecture;WAVE device;wireless access in vehicular environments;IEEE Std 1609.0TM-2013;IEEE standards;Wireless networks;Wireless communication;Vehicles;Intelligent vehicles;Road vehicles;Message systems;dedicated short range communications;DSRC;IEEE 1609.0™;OBU;onboard unit;Provider Service Identifier (PSID);roadside unit (RSU);WAVE;WAVE service advertisement;WAVE Short Message;WAVE Short Message Protocol;wireless access in vehicular environments;WSA;WSM;WSMP},
doi={10.1109/IEEESTD.2014.6755433},
ISSN={},
month={March},}

@misc{3gpp.37.885,
 author = {3GPP},
 month = {Dec.},
 Howpublished = {TR 37.885},
 title = {{Study on evaluation methodology of new Vehicle-to-Everything (V2X) use cases for LTE and NR}},
 year = {2018}
}

@misc{3gpp.38.885,
 author = {3GPP},
 month = {March},
 Howpublished = {TR 38.885},
 title = {{Study on NR Vehicle-to-Everything (V2X)}},
 year = {2019}
}

@misc{3gpp.36.885,
 author = {3GPP},
 month = {March},
 Howpublished = {TR 36.885},
 title = {{Study on LTE-based V2X services - Rel. 14}},
 year = {2016}
}


@INPROCEEDINGS{giordani2017millimeter,
author={M. Giordani and A. Zanella and M. Zorzi},
booktitle={ 6th International Conference on Modern Circuits and Systems Technologies (MOCAST)},
title={{Millimeter wave communication in vehicular networks: Challenges and opportunities}},
year={2017},
keywords={millimetre waves;telecommunication channels;vehicular ad hoc networks;automotive communication scenario;data transmission;millimeter wave band;millimeter wave communication;mmWave automotive scenarios;mmWave band;mmWave links;mmWave transmission channel;object detection;object recognition;risk identification;vehicular networks;Automotive engineering;Context;Handover;Millimeter wave communication;Peer-to-peer computing;Protocols;5G;Automotive Systems;Millimeter Wave (mmWave);Mobility;Vehicular Communications (V2X)},
month={May},}


@techreport{3gpp.38.300,
 author = {3GPP},
 institution = {{3rd Generation Partnership Project (3GPP)}},
 month = {June},
 note = {Version 15.6.0},
 number = {38.300},
 title = {{NR; Overall description; Stage-2}},
 type = {Technical Specification (TS)},
 year = {2019}
}

@techreport{TGbd.numerologies,
 author = {IEEE},
 month = {May},
 number = {802.11-19/0686},
 title = {{PHY Numerology Discussions}},
 type = {Study Group on 802.11bd (TGbd)},
 year = {2019}
}



@techreport{TGbd.general,
 author = {{IEEE}},
 month = {May},
 number = {802.11-18/0861r8},
 title = {{802.11 NGV proposed PAR}},
 type = {Study Group on 802.11bd (TGbd)},
 year = {2019}
}


@techreport{NGV1,
 author = {{IEEE}},
 title = {{Interoperable NGV PHY Improvements}},
 type = { IEEE NGV Meeting},
 year = {2018}
}

@techreport{NGV2,
 author = {{IEEE}},
 title = {{Backward Compatible PHY Feasibility}},
 type = { IEEE NGV Meeting},
 year = {2018}
}


@techreport{TGbd.ocb60,
 author = {IEEE},
 month = {July},
 number = {802.11-19/1162},
 title = {{OCB for 60 {GHz} V2X}},
 type = {Study Group on 802.11bd (TGbd)},
 year = {2019}
}

@article{henderson2008network,
  title="{Network Simulations with the ns-3 Simulator}",
  author={Henderson, Thomas R and Lacage, Mathieu and Riley, George F and Dowell, Craig and Kopena, Joseph},
  journal={SIGCOMM demonstration},
  volume={14},
  number={14},
  pages={527},
  year={2008}
}

@inproceedings{Bu:2014:IEW:2630777.2630778,
 author = {Bu, Junling and Tan, Guozhen and Ding, Nan and Liu, Mingjian and Son, Caixia},
 title = {{Implementation and Evaluation of WAVE 1609.4/802.11P in Ns-3}},
 booktitle = {Proceedings of the ACM Workshop on ns-3 (WNS3)},
 year = {2014},
 isbn = {978-1-4503-3003-9},
 doi = {10.1145/2630777.2630778},
 acmid = {2630778},
 keywords = {1609.4, 802.11p, MAC, VANET, WAVE, ns-3},
}

@ARTICLE{80211p,
author={IEEE},
journal={IEEE Std 802.11p-2010 (Amendment to IEEE Std 802.11-2007 as amended by IEEE Std 802.11k-2008, IEEE Std 802.11r-2008, IEEE Std 802.11y-2008, IEEE Std 802.11n-2009, and IEEE Std 802.11w-2009)},
title="{IEEE Standard for Information technology-- Local and metropolitan area networks-- Specific requirements-- Part 11: Wireless LAN Medium Access Control (MAC) and Physical Layer (PHY) Specifications Amendment 6: Wireless Access in Vehicular Environments}",
year={2010},
volume={},
number={},
pages={1-51},
keywords={access protocols;mobile radio;wireless LAN;IEEE standard;information technology;information exchange;wireless local area networks;metropolitan area networks;medium access control;physical layer specifications;wireless access;vehicular environments;IEEE Std 802.11;IEEE standards;Wireless communication;Vehicles;IEEE 802.11 Standards;5.9 GHz;wireless access in vehicular environments},
doi={10.1109/IEEESTD.2010.5514475},
ISSN={},
month={July},}


@article{wymeersch20175g,
  title={{5G mmWave positioning for vehicular networks}},
  author={Wymeersch, Henk and Seco-Granados, Gonzalo and Destino, Giuseppe and Dardari, Davide and Tufvesson, Fredrik},
  journal={IEEE Wireless Communications},
  volume={24},
  number={6},
  pages={80--86},
  month={Dec},
  year={2017},
  publisher={IEEE}
}

@article{clements2017economic,
  title={{Economic effects of automated vehicles}},
  author={Clements, Lewis M and Kockelman, Kara M},
  journal={Transportation Research Record},
  volume={2606},
  pages={106--114},
  year={2017},
  publisher={SAGE Publications Sage CA: Los Angeles, CA}
}



@ARTICLE{3GPP_22186,
author={{3GPP}},
title = {{Service requirements for enhanced V2X scenarios
(Release 15)}},
journal = {TS 22.186},
month={Sept},
year = {2018},}

@ARTICLE{5995306,
  author={Jornet, Josep Miquel and Akyildiz, Ian F.},
  journal=IEEE_J_WCOM, 
  title={Channel Modeling and Capacity Analysis for Electromagnetic Wireless Nanonetworks in the Terahertz Band}, 
  year={2011},
  month={August},
  volume={10},
  number={10},
  pages={3211-3221},
  doi={10.1109/TWC.2011.081011.100545}}


  @article{hossain2018terasim,
  title={TeraSim: An ns-3 extension to simulate {Terahertz}-band communication networks},
  author={Hossain, Zahed and Xia, Qing and Jornet, Josep Miquel},
  journal={Nano Communication Networks},
  volume={17},
  month={September},
  pages={36--44},
  year={2018},
  publisher={Elsevier}
}

@article{hoydis2022sionna,
  title={Sionna: An Open-Source Library for Next-Generation Physical Layer Research},
  author={Hoydis, Jakob and Cammerer, Sebastian and Aoudia, Fay{\c{c}}al Ait and Vem, Avinash and Binder, Nikolaus and Marcus, Guillermo and Keller, Alexander},
  journal={arXiv preprint arXiv:2203.11854},
  year={2022}
}

@INPROCEEDINGS{holo1, 
author={X. Xu and Y. Pan and P. P. M. Y. Lwin and X. Liang}, 
booktitle={International Conference on Information Photonics and Optical Communications}, 
title="{3D holographic display and its data transmission requirement}", 
year={2011}, 
volume={}, 
number={}, 
pages={1-4}, 
keywords={colour displays;data compression;holographic displays;three-dimensional displays;3D holographic display;data transmission;full-color 3D holographic display;hologram loading;hologram data compression;object data transmission;Three dimensional displays;Bandwidth;Image color analysis;Videos;Loading;Data communication;Image reconstruction}, 
doi={10.1109/IPOC.2011.6122872}, 
ISSN={}, 
}

@ARTICLE{shafi2017deployment,
author={M. Shafi and A. F. Molisch and P. J. Smith and T. Haustein, P. Zhu and P. D. Silva and F. Tufvesson and A. Benjebbour and G. Wunder},
journal=IEEE_J_JSAC,
title="{5G: A Tutorial Overview of Standards, Trials, Challenges, Deployment, and Practice}",
year={2017},
volume={35},
number={6},
pages={1201-1221},
keywords={5G mobile communication;MIMO communication;microwave antenna arrays;telecommunication network reliability;3D MIMO;4G core network;5G core network;5G service;5G standard;Internet of Things;antenna array;augmented virtual reality;energy efficiency;frequency 3.3 {GHz} to 4.2 GHz;network reliability;5G mobile communication;Antenna arrays;Bandwidth;Computer architecture;Microprocessors;Tutorials;5G;beamforming;cloud ran;massive MIMO;next generation core;testbeds;trials;waveforms},
ISSN={0733-8716},
month={June},}


@ARTICLE{polese2020toward,
  author={Polese, Michele and Jornet, Josep Miquel and Melodia, Tommaso and Zorzi, Michele},
  journal=IEEE_M_COM, 
  title="{Toward End-to-End, Full-Stack 6G Terahertz Networks}", 
  year={2020},
  volume={58},
  number={11},
  pages={48-54},
  keywords={},
  doi={10.1109/MCOM.001.2000224},
  ISSN={1558-1896},
  month={November},}

  @article{stoch_geom2,
  title={Millimeter {Wave} {Integrated} {Access} and {Backhaul} in {5G}: {Performance} {Analysis} and {Design} {Insights}},
  author={Saha, Chiranjib and Dhillon, Harpreet S},
  journal=IEEE_J_JSAC,
  year={2019},
  volume={37},
  number={12},
  pages={2669--2684},
  month={Dec.},
  publisher={IEEE}
}

@techreport{3gpp_38_174,
 author = {3GPP},
 month = {Jun.},
 note = {v0.1.0},
 number = {38.174},
 title = {{NR}; {Integrated} {Access} and {Backhaul} ({IAB}) radio transmission and reception},
 type = {Technical Specification (TS)},
 year = {2020}
}

@article{polese2020integrated,
  title={Integrated {Access} and {Backhaul} in {5G} {mmWave} {Networks}: {Potential} and {Challenges}},
  author={Polese, Michele and Giordani, Marco and Zugno, Tommaso and Roy, Arnab and Goyal, Sanjay and Castor, Douglas and Zorzi, Michele},
  journal=IEEE_M_COM,
  volume={58},
  number={3},
  pages={62--68},
  year={2020},
  month={Mar.},
  publisher={IEEE}
}


@article{akyildiz2014terahertz,
  title={Terahertz band: Next frontier for wireless communications},
  author={Akyildiz, Ian F and Jornet, Josep Miquel and Han, Chong},
  journal={Physical Communication},
  volume={12},
  pages={16--32},
  year={2014},
  month={September},
  publisher={Elsevier}
}

@ARTICLE{singh2020design,
  author={Singh, Arjun and Andrello, Michael and Thawdar, Ngwe and Jornet, Josep Miquel},
  journal=IEEE_J_JSAC, 
  title={Design and Operation of a Graphene-Based Plasmonic Nano-Antenna Array for Communication in the Terahertz Band}, 
  year={2020},
  volume={38},
  number={9},
  pages={2104-2117},
  keywords={},
  doi={10.1109/JSAC.2020.3000881},
  ISSN={1558-0008},
  month={Sep.},}
  
  
@ARTICLE{ghafoor2020mac,
  author={Ghafoor, Saim and Boujnah, Noureddine and Rehmani, Mubashir Husain and Davy, Alan},
  journal=IEEE_O_CSTO, 
  title="{{MAC} Protocols for Terahertz Communication: A Comprehensive Survey}", 
  year={2020},
  volume={22},
  number={4},
  pages={2236-2282},
  keywords={},
  doi={10.1109/COMST.2020.3017393},
  ISSN={1553-877X},
  month={Fourth Quarter},}

  @article{polese2022dynamic,
  title={Dynamic spectrum sharing between active and passive users above 100 {GHz}},
  author={Polese, Michele and Ariyarathna, Viduneth and Sen, Priyangshu and Siles, Jose V and Restuccia, Francesco and Melodia, Tommaso and Jornet, Josep M},
  journal={Communications Engineering},
  volume={1},
  number={1},
  pages={1--9},
  year={2022},
  publisher={Nature Publishing Group}
}


@INPROCEEDINGS{9163026,  author={Raja, Adil Ali and Jamshed, Muhammad Ali and Pervaiz, Haris and Hassan, Syed Ali},  booktitle={Conference on Computer Communications Workshops (INFOCOM WKSHPS)},   
title={Performance Analysis of {UAV}-assisted Backhaul Solutions in {THz} enabled Hybrid Heterogeneous Network},   year={2020},  volume={},  number={},  pages={628-633},  doi={10.1109/INFOCOMWKSHPS50562.2020.9163026}}

@ARTICLE{9136652,
  author={Jiang, Haiyan and Niu, Yong and Ai, Bo and Zhong, Zhangdui and Mao, Shiwen},
  journal={IEEE Access}, 
  title={{QoS}-Aware Bandwidth Allocation and Concurrent Scheduling for Terahertz Wireless Backhaul Networks}, 
  year={2020},
  volume={8},
  month={July},
  number={},
  pages={125814-125825},
  doi={10.1109/ACCESS.2020.3007865}}

  @INPROCEEDINGS{9135258,
  author={Gougeon, Grégory and Corre, Yoann and Aslam, Mohammed Zahid and Bicaïs, Simon and Doré, Jean-Baptiste},
  booktitle={14th European Conference on Antennas and Propagation (EuCAP)}, 
  title={Assessment of sub-{THz} Mesh Backhaul Capabilities from Realistic Modelling at the {PHY} Layer}, 
  year={2020},
  volume={},
  number={},
  pages={1-5},
  doi={10.23919/EuCAP48036.2020.9135258}}

  @ARTICLE{9187867,
  author={Madapatha, Charitha and Makki, Behrooz and Fang, Chao and Teyeb, Oumer and Dahlman, Erik and Alouini, Mohamed-Slim and Svensson, Tommy},
  journal={IEEE Open Journal of the Communications Society}, 
  title={On Integrated Access and Backhaul Networks: Current Status and Potentials}, 
  year={2020},
  volume={1},
  month={Sep.},
  number={},
  pages={1374-1389},
  doi={10.1109/OJCOMS.2020.3022529}}


@INPROCEEDINGS{INFOCOMSIM,
  author={Ashtari Gargari, Amir and Ortiz, Andrea and Pagin,Matteo and Klein, Anja and  Hollick, Matthias and Zorzi, Michele and Asadi, Arash },
booktitle={IEEE Conference on Computer Communications (INFOCOM)}, 
  title={{Safehaul: Risk-Averse Learning for Reliable mmWave Self-Backhauling in 6G Networks}}, 
  address={New York, USA},
  year={2023},
  volume={},
  number={},}

  @INPROCEEDINGS{saha2018integrated,
  author={Saha, Chiranjib and Afshang, Mehrnaz and Dhillon, Harpreet S.},
  booktitle={IEEE International Conference on Communications (ICC)}, 
  title="{Integrated mmWave Access and Backhaul in 5G: Bandwidth Partitioning and Downlink Analysis}", 
  year={2018},
  volume={},
  number={},
  pages={1-6},
  keywords={},
  doi={10.1109/ICC.2018.8422149},
  ISSN={1938-1883},
  month={May},}


@inproceedings{sen2022terahertz,
author = {Sen, Priyangshu and Hall, Jacob and Polese, Michele and Petrov, Vitaly and Bodet, Duschia and Restuccia, Francesco and Melodia, Tommaso and Jornet, Josep M.},
title = "{Terahertz Communications Can Work in Rain and Snow: Impact of Adverse Weather Conditions on Channels at 140 GHz}",
year = {2022},
isbn = {9781450395090},
publisher = {Association for Computing Machinery},
address = {New York, NY, USA},
booktitle = {Proceedings of the 6th ACM Workshop on Millimeter-Wave and Terahertz Networks and Sensing Systems},
pages = {13–18},
numpages = {6},
keywords = {rain, terahertz, channel sounding, channel modeling, snow},
location = {Sydney, NSW, Australia},
series = {mmNets '22}
}

@ARTICLE{gemmi2023on,
  author={Gemmi, Gabriele and Cigno, Renato Lo and Maccari, Leonardo},
  journal={IEEE Transactions on Network Science and Engineering}, 
  title="{On the Properties of Next Generation Wireless Backhaul}", 
  year={2023},
  volume={10},
  number={1},
  pages={166-177},
  keywords={},
  month={Jan},}

@ARTICLE{gemmi2022on,
  author={Gemmi, Gabriele and Lo Cigno, Renato and Maccari, Leonardo},
  journal={IEEE Transactions on Network and Service Management}, 
  title="{On Cost-Effective, Reliable Coverage for LoS Communications in Urban Areas}", 
  year={2022},
  volume={19},
  number={3},
  pages={2767-2779},
  keywords={},
  ISSN={1932-4537},
  month={Sep.},}

@ARTICLE{8869705,
  author={Saad, Walid and Bennis, Mehdi and Chen, Mingzhe},
  journal={IEEE Network}, 
  title="{A Vision of 6G Wireless Systems: Applications, Trends, Technologies, and Open Research Problems}", 
  year={2020},
  volume={34},
  number={3},
  pages={134-142},
  keywords={},
  month={May},}
